@article{degreefreeman,
  title={Centrality in social networks conceptual clarification},
  author={Freeman, Linton C},
  journal={Social networks},
  volume={1},
  number={3},
  pages={215--239},
  year={1978},
  publisher={North-Holland}
}

@article{mcmorigin,
title = "The tropospheric degradation of volatile organic compounds: a protocol for mechanism development",
journal = "Atmospheric Environment",
volume = "31",
number = "1",
pages = "81 - 104",
year = "1997",
issn = "1352-2310",
doi = "https://doi.org/10.1016/S1352-2310(96)00105-7",
url = "http://www.sciencedirect.com/science/article/pii/S1352231096001057",
author = "Michael E. Jenkin and Sandra M. Saunders and Michael J. Pilling",
}

@Article{tf83,
author="Beel, Joeran
and Gipp, Bela
and Langer, Stefan
and Breitinger, Corinna",
title="Research-paper recommender systems: a literature survey",
journal="International Journal on Digital Libraries",
year="2016",
month="Nov",
day="01",
volume="17",
number="4",
pages="305--338",
issn="1432-1300",
doi="10.1007/s00799-015-0156-0",
url="https://doi.org/10.1007/s00799-015-0156-0"
}


@ARTICLE{idfpic,
 title="IDF response functions."
  url = "https://upload.wikimedia.org/wikipedia/commons/0/05/Plot_IDF_functions.png",
  author="Mquantin",
  year= 2020, 
  note         = "Accessed: 2020-2-5"
}

@MISC{frankenstein,
  title        = "{Using TF-IDF to form descriptive chapter summaries via
                  keyword extraction}",
  booktitle    = "{Medium}",
  author       = "Ellis, Daniel",
  publisher    = "Towards Data Science",
  year         =  2019,
  url          = "https://towardsdatascience.com/using-tf-idf-to-form-descriptive-chapter-summaries-via-keyword-extraction-4e6fd857d190",
  howpublished = "\url{https://towardsdatascience.com/using-tf-idf-to-form-descriptive-chapter-summaries-via-keyword-extraction-4e6fd857d190}",
  note         = "Accessed: 2020-2-5"
}


@MISC{degreetwitter,
  author="Gemma, Joyce",
  title        = "{The Most Influential Men and Women on Twitter 2017}",
  booktitle    = "{Brandwatch}",
  url          = "https://www.brandwatch.com/blog/react-influential-men-and-women-2017/",
  howpublished = "\url{https://www.brandwatch.com/blog/react-influential-men-and-women-2017/}",
  note         = "Accessed: 2019-4-28",
  year = 2019
}

@Article{pitts,
author="McCulloch, Warren S.
and Pitts, Walter",
title="A logical calculus of the ideas immanent in nervous activity",
journal="The bulletin of mathematical biophysics",
year="1943",
month="Dec",
day="01",
volume="5",
number="4",
pages="115--133",
issn="1522-9602",
doi="10.1007/BF02478259",
url="https://doi.org/10.1007/BF02478259"
}

@ARTICLE{perceptron,
    author = {F. Rosenblatt},
    title = {The Perceptron: A Probabilistic Model for Information Storage and Organization in The Brain},
    journal = {Psychological Review},
    year = {1958},
    pages = {65--386}
}
@Article{lif2,
AUTHOR = {Bloss, W. J. and Lee, J. D. and Bloss, C. and Heard, D. E. and Pilling, M. J. and Wirtz, K. and Martin-Reviejo, M. and Siese, M.},
TITLE = {Validation of the calibration of a laser-induced fluorescence instrument for the measurement of OH radicals in the atmosphere},
JOURNAL = {Atmospheric Chemistry and Physics},
VOLUME = {4},
YEAR = {2004},
NUMBER = {2},
PAGES = {571--583},
URL = {https://www.atmos-chem-phys.net/4/571/2004/},
DOI = {10.5194/acp-4-571-2004}
}
@Article{lif1,
author ="Dillon, Terry J. and Tucceri, Mar√≠a E. and Crowley, John N.",
title  ="Laser induced fluorescence studies of iodine oxide chemistry Part II. The reactions of IO with CH3O2{,} CF3O2 and O3",
journal  ="Phys. Chem. Chem. Phys.",
year  ="2006",
volume  ="8",
issue  ="44",
pages  ="5185-5198",
publisher  ="The Royal Society of Chemistry",
doi  ="10.1039/B611116E",
url  ="http://dx.doi.org/10.1039/B611116E"}


@ARTICLE{layercortex,
 author="Santiago Ramon Cajal",
 year=2020,
 journal="web",
 title="Cortex Drawings",
  url = "https://upload.wikimedia.org/wikipedia/commons/5/5b/Cajal_cortex_drawings.png",
  howpublished = "\url{https://upload.wikimedia.org/wikipedia/commons/5/5b/Cajal_cortex_drawings.png}",
  note         = "Accessed: 2020-2-4"
}


@ARTICLE{perceptronmanual,
  title  = "{MARK 1 PERCEPTRON OPERATORS' MANUAL}",
  author = "John Hay, Ben Lynch, David Smith",
  journal = "Cornell Aeronautical Laboratory",
  year=1960,
  url    = "https://apps.dtic.mil/dtic/tr/fulltext/u2/236965.pdf"
}

@book{handsonml,
  title={Hands-On Machine Learning with Scikit-Learn and TensorFlow: Concepts, Tools, and Techniques to Build Intelligent Systems},
  author={G{\'e}ron, A.},
  isbn={9781491962268},
  url={https://books.google.co.uk/books?id=khpYDgAAQBAJ},
  year={2017},
  publisher={O'Reilly Media}
}

@MISC{perceptronimage,
  title        = "{Mark 1 Perceptron}",
  year         =  2020,
  author = "Lab Cornell",
  url          = "https://en.wikipedia.org/w/index.php?title=Perceptron&oldid=935763442",
  howpublished = "\url{https://en.wikipedia.org/w/index.php?title=Perceptron&oldid=935763442}",
  note         = "Accessed: 2020-2-4"
}


@InProceedings{degreeauction,
author="Bangcharoensap, Phiradet
and Kobayashi, Hayato
and Shimizu, Nobuyuki
and Yamauchi, Satoshi
and Murata, Tsuyoshi",
editor="Bifet, Albert
and May, Michael
and Zadrozny, Bianca
and Gavalda, Ricard
and Pedreschi, Dino
and Bonchi, Francesco
and Cardoso, Jaime
and Spiliopoulou, Myra",
title="Two Step graph-based semi-supervised Learning for Online Auction Fraud Detection",
booktitle="Machine Learning and Knowledge Discovery in Databases",
year="2015",
publisher="Springer International Publishing",
address="Cham",
pages="165--179",
isbn="978-3-319-23461-8"
}
@book{connectivity,
author="Tur{\'a}nyi, Tam{\'a}s
and Tomlin, Alison S.",
title="Reduction of Reaction Mechanisms",
bookTitle="Analysis of Kinetic Reaction Mechanisms",
year=2014,
publisher="Springer Berlin Heidelberg",
address="Berlin, Heidelberg",
pages="183--312",
doi="10.1007/978-3-662-44562-4_7",
url="https://doi.org/10.1007/978-3-662-44562-4_7"
}



@book{jacob,
  title={Modeling of Atmospheric Chemistry},
  author={Brasseur, G.P. and Jacob, D.J.},
  isbn={9781108210959},
  url={https://books.google.co.uk/books?id=k9\_PDgAAQBAJ},
  year=2017,
  publisher={Cambridge University Press}
}

@ARTICLE{hits,
  title     = "{Authoritative Sources in a Hyperlinked Environment}",
  author    = "Kleinberg, Jon M",
  journal   = "Journal of the ACM",
  publisher = "ACM",
  volume    =  46,
  number    =  5,
  pages     = "604--632",
  month     =  sep,
  year      =  1999,
  url       = "http://doi.acm.org/10.1145/324133.324140",
  address   = "New York, NY, USA",
  issn      = "0004-5411",
  doi       = "10.1145/324133.324140"
}

@ARTICLE{hitsvspagerank,
  title     = "{A Survey of Eigenvector Methods for Web Information Retrieval}",
  author    = "Langville, A and Meyer, C",
  journal   = "SIAM Review",
  publisher = "Society for Industrial and Applied Mathematics",
  volume    =  47,
  number    =  1,
  pages     = "135--161",
  month     =  jan,
  year      =  2005,
  url       = "https://doi.org/10.1137/S0036144503424786",
  annote    = "doi: 10.1137/S0036144503424786",
  issn      = "0036-1445",
  doi       = "10.1137/S0036144503424786"
}

@ARTICLE{hitsweb,
  title  = "{The Web as a graph}",
  author = "Kumar, Ravi and Upfal, Eli",
  year = 2000,
  url    = "http://cs.brown.edu/research/webagent/pods-2000.pdf"
}


@ARTICLE{phrase,
  title  = "{A Comparison of Centrality Measures for Graph-Based Keyphrase
            Extraction}",
  author = "Boudin, Florian",
  url    = "https://hal.archives-ouvertes.fr/hal-00850187/document",
  year = 2013
}


@ARTICLE{terror,
  title   = "{Mapping networks of terrorist cells}",
  author  = "Krebs, Valdis E",
  journal = "Connections",
  volume  =  24,
  number  =  3,
  pages   = "43--52",
  year    =  2002,
  url     = "http://ecsocman.hse.ru/data/517/132/1231/mappingterroristnetworks.pdf",
  issn    = "0226-1766"
}


@ARTICLE{closeness-book,
  title = "{Social Network Analysis: Theory and Applications}",
  url   = "https://www.politaktiv.org/documents/10157/29141/SocNet_TheoryApp.pdf",
  year=2011,
  author="poliaktiv"
}


@ARTICLE{dev-social-analysis,
  title  = "{The Development of Social Network Analysis---with an Emphasis on
            Recent Events}",
  author = "Freeman, Linton C",
  year = 2020,
  note="Accessed: 2020-2-5",
  url    = "http://moreno.ss.uci.edu/91.pdf"
}

@article{betweenness,
author = {Freeman, Linton and Borgatti, Stephen and White, Douglas},
year = {1991},
month = {06},
pages = {141-154},
title = {Centrality in Valued Graphs: A Measure of Betweenness Based on Network Flow},
volume = {13},
journal = {Social Networks},
doi = {10.1016/0378-8733(91)90017-N}
}


@ARTICLE{spectral,
  title     = "{Spectral ranking}",
  author    = "Vigna, Sebastiano",
  journal   = "Network Science",
  publisher = "Cambridge University Press",
  volume    =  4,
  number    =  4,
  pages     = "433--445",
  month     =  dec,
  year      =  2016,
  url       = "https://www.cambridge.org/core/journals/network-science/article/spectral-ranking/99ACDCD0CC1B774AB0041FB16AB43D1B",
  keywords  = "ranking; centrality; eigenvectors",
  issn      = "2050-1242, 2050-1250",
  doi       = "10.1017/nws.2016.21"
}


@article{between,
author = {Freeman, Linton},
year = {1977},
month = {03},
pages = {35-41},
title = {A Set of Measures of Centrality Based on Betweenness},
volume = {40},
booktitle = {Sociometry}
}

@article {scalefreepapers,
	author = {de Solla Price, Derek J.},
	title = {Networks of Scientific Papers},
	volume = {149},
	number = {3683},
	pages = {510--515},
	year = {1965},
	doi = {10.1126/science.149.3683.510},
	publisher = {American Association for the Advancement of Science},
	issn = {0036-8075},
	URL = {https://science.sciencemag.org/content/149/3683/510},
	eprint = {https://science.sciencemag.org/content/149/3683/510.full.pdf},
	journal = {Science}
}


@ARTICLE{betweenfast,
    author = {Ulrik Brandes},
    title = {A Faster Algorithm for Betweenness Centrality},
    journal = {Journal of Mathematical Sociology},
    year = {2001},
    volume = {25},
    pages = {163--177}
}

% unused but really good. 
@ARTICLE{examples_centrality,
  title    = "{Centrality and network flow}",
  author   = "Borgatti, Stephen P",
  journal  = "Social networks",
  volume   =  27,
  number   =  1,
  pages    = "55--71",
  month    =  jan,
  year     =  2005,
  url      = "http://www.sciencedirect.com/science/article/pii/S0378873304000693",
  keywords = "Centrality; Network flow; Typology",
  issn     = "0378-8733",
  doi      = "10.1016/j.socnet.2004.11.008"
}

@book{ks,
author = {Press, William H. and Teukolsky, Saul A. and Vetterling, William T. and Flannery, Brian P.},
title = {Numerical Recipes in C (2nd Ed.): The Art of Scientific Computing},
year = {1992},
isbn = {0521431085},
publisher = {Cambridge University Press},
address = {USA}
}
  

@ARTICLE{plexp,
  title     = "{Power-Law Distributions in Empirical Data}",
  author    = "Clauset, Aaron and Shalizi, Cosma Rohilla and Newman, M E J",
  journal   = "SIAM Review",
  publisher = "Society for Industrial and Applied Mathematics",
  volume    =  51,
  number    =  4,
  pages     = "661--703",
  month     =  nov,
  year      =  2009,
  url       = "https://doi.org/10.1137/070710111",
  annote    = "doi: 10.1137/070710111",
  issn      = "0036-1445",
  doi       = "10.1137/070710111"
}

@ARTICLE{scalefreebad,
  title    = "{Scale-free networks are rare}",
  author   = "Broido, Anna D and Clauset, Aaron",
  journal  = "Nature communications",
  volume   =  10,
  number   =  1,
  pages    = "1017",
  month    =  mar,
  year     =  2019,
  url      = "http://dx.doi.org/10.1038/s41467-019-08746-5",
  language = "en",
  issn     = "2041-1723",
  pmid     = "30833554",
  doi      = "10.1038/s41467-019-08746-5",
  pmc      = "PMC6399239"
}

@ARTICLE{neoj4,
  title  = "{Practical Examples in Apache Spark \& Neo4j}",
  author = "Needham, Mark and Hodler, Amy E",
  url    = "https://neo4j.com/neoassets/graphbooks/Graph_Algorithms_Neo4j.pdf",
  journal="O'Reilly",
  year=2019,
  isbn="978-1-492-05781-9."
}

@article{scalefreeemail,
  title = {Scale-free topology of e-mail networks},
  author = {Ebel, Holger and Mielsch, Lutz-Ingo and Bornholdt, Stefan},
  journal = {Phys. Rev. E},
  volume = {66},
  issue = {3},
  pages = {035103},
  numpages = {4},
  year = {2002},
  month = {Sep},
  publisher = {American Physical Society},
  doi = {10.1103/PhysRevE.66.035103},
  url = {https://link.aps.org/doi/10.1103/PhysRevE.66.035103}
}


@article{eigen2,
title = "Some unique properties of eigenvector centrality",
journal = "Social Networks",
volume = "29",
number = "4",
pages = "555 - 564",
year = "2007",
issn = "0378-8733",
doi = "https://doi.org/10.1016/j.socnet.2007.04.002",
url = "http://www.sciencedirect.com/science/article/pii/S0378873307000342",
author = "Phillip Bonacich",
keywords = "Centrality, Eigenvector"
}


@ARTICLE{katz,
  title    = "{Universal behavior of load distribution in scale-free networks}",
  author   = "Goh, K I and Kahng, B and Kim, D",
  journal  = "Physical review letters",
  volume   =  87,
  number   = "27 Pt 1",
  pages    = "278701",
  month    =  dec,
  year     =  2001,
  url      = "http://dx.doi.org/10.1103/PhysRevLett.87.278701",
  language = "en",
  issn     = "0031-9007",
  pmid     = "11800921",
  doi      = "10.1103/PhysRevLett.87.278701"
}


@ARTICLE{biopr,
  title         = "{Strategic heuristics underlie animal dominance hierarchies
                   and provide evidence of group-level social knowledge}",
  author        = "Hobson, Elizabeth A and M{\o}nster, Dan and DeDeo, Simon",
  month         =  oct,
  year          =  2018,
  url           = "http://arxiv.org/abs/1810.07215",
  archivePrefix = "arXiv",
  eprint        = "1810.07215",
  primaryClass  = "q-bio.PE",
  arxivid       = "1810.07215"
}
