
@ARTICLE{naturecitation,
  title    = "{150 years of Nature: a data graphic charts our evolution}",
  author   = "Monastersky, Richard and Van Noorden, Richard",
  journal  = "Nature",
  volume   =  575,
  number   =  7781,
  pages    = "22--23",
  month    =  nov,
  year     =  2019,
  url      = "http://dx.doi.org/10.1038/d41586-019-03305-w",
  keywords = "History; Publishing",
  language = "en",
  issn     = "0028-0836, 1476-4687",
  pmid     = "31695219",
  doi      = "10.1038/d41586-019-03305-w"
}


@ARTICLE{naturecover,
  title = "{nature-150-cover.pdf}",
  author = "Albert-László Barabási",
  year = 2019,
  note = "Accessed 20-01-2020",
  journal  = "Nature",
  volume   =  575,
  number   =  7781,
  url   = "https://www.nature.com/immersive/d42859-019-00121-0/public/pdf/nature-150-cover.pdf"
}


@ARTICLE{netcoauthor,
  title         = "{Twenty Years of Network Science: A Bibliographic and
                   Co-authorship Network Analysis}",
  author        = "Molontay, Roland and Nagy, Marcell",
  month         =  jan,
  year          =  2020,
  url           = "http://arxiv.org/abs/2001.09006",
  archivePrefix = "arXiv",
  eprint        = "2001.09006",
  primaryClass  = "physics.soc-ph",
  arxivid       = "2001.09006",
  journal="arXiv"
}


@MISC{scholar,
  title        = "{Google Scholar}",
  url          = "https://scholar.google.com/schhp?hl=en",
  author ="Google",
  year = 2019,
  howpublished = "\url{https://scholar.google.com/schhp?hl=en}",
  note         = "Accessed: 2020-1-25"
}



@MISC{threejs,
  title        = "{three.js -- JavaScript 3D library}",
  url          = "https://threejs.org/",
  howpublished = "\url{https://threejs.org/}",
  author= "Ricardo Cabello",
  year=2019,
  note         = "Accessed: 2020-1-25"
}


@article{cocite,
author = {Small, Henry},
title = {Co-citation in the scientific literature: A new measure of the relationship between two documents},
journal = {Journal of the American Society for Information Science},

volume = {24},
number = {4},
pages = {265-269},
doi = {10.1002/asi.4630240406},
url = {https://asistdl.onlinelibrary.wiley.com/doi/abs/10.1002/asi.4630240406},
eprint = {https://asistdl.onlinelibrary.wiley.com/doi/pdf/10.1002/asi.4630240406},
year = {1973}
}



@ARTICLE{abstract-realworld,
  title         = "{On the limiting behavior of parameter-dependent network centrality measures}",
  author        = "Benzi, Michele and Klymko, Christine",
  month         =  dec,
  year          =  2013,
  note          = "http://arxiv.org/abs/1312.6722",
  archivePrefix = "arXiv",
  eprint        = "1312.6722",
  primaryClass  = "math.NA",
  arxivid       = "1312.6722"
}


@article{seeley,
author = {R. Seeley, John},
year = {1949},
month = {12},
pages = {234-240},
title = {The net of reciprocal influence: A problem in treating sociometric data},
volume = {3},
journal = {Canadian Journal of Psychology/Revue canadienne de psychologie},
doi = {10.1037/h0084096}
}



@ARTICLE{skull,
  title    = "{The Origin of Humans Is Surprisingly Complicated}",
  journal  = "Scientific American",
  year     =  2014,
  author  = "Bernard Wood",
  note     = "\url{https://www.scientificamerican.com/article/the-origin-of-humans-is-surprisingly-complicated/}",
  issn     = "0036-8733",
  doi      = "10.1038/scientificamerican0914-40"
}



@MISC{web,
  title       = "{etudier}",
  author      = "Edsu and Ellis, Dan",
  institution = "Github",
  note        = "https://github.com/wolfiex/etudier",
  year = 2019
}


@article{gephi,
author = {Mathieu Bastian and Sebastien Heymann and Mathieu Jacomy},
title = {Gephi: An Open Source Software for Exploring and Manipulating Networks},
conference = {International AAAI Conference on Weblogs and Social Media},
year = {2009},
journal = {AAAI},
keywords = {network;network science;visualization;graph exploration;open source;free software;dynamic network;interactive interface;graph;force vector;java;OpenGL;3-D visualization;user-centric;graph layout;complex graph rendering;network analysis;webatlas},
note= {http://www.aaai.org/ocs/index.php/ICWSM/09/paper/view/154}
}


%%%%%
% web%
%%%%%

@ARTICLE{nano,
  title   = "{Fabrication of Bioinspired Actuated Nanostructures with Arbitrary
             Geometry and Stiffness}",
  author  = "Pokroy, Boaz and Epstein, Alexander K and Persson-Gulda, Maria C M
             and Aizenberg, Joanna",
  journal = "Advanced materials",
  volume  =  21,
  number  =  4,
  pages   = "463--469",
  month   =  jan,
  year    =  2009,
  note    = "http://doi.wiley.com/10.1002/adma.200801432",
  issn    = "0935-9648, 1521-4095",
  doi     = "10.1002/adma.200801432"
}


@ARTICLE{biogeo,
  title   = "{Temporal controls on dissolved organic matter and lignin
             biogeochemistry in a pristine tropical river, Democratic Republic
             of Congo}",
  author  = "Spencer, Robert G M and Hernes, Peter J and Ruf, Rosmarie and
             Baker, Andy and Dyda, Rachael Y and Stubbins, Aron and Six, Johan",
  journal = "Journal of geophysical research",
  volume  =  115,
  number  = "G3",
  pages   = "2069",
  month   =  aug,
  year    =  2010,
  note    = "http://doi.wiley.com/10.1029/2009JG001180",
  issn    = "0148-0227",
  doi     = "10.1029/2009JG001180"
}


@ARTICLE{neurotrauma,
  title    = "{Neuroproteomics in neurotrauma}",
  author   = "Ottens, Andrew K and Kobeissy, Firas H and Golden, Erin C and
              Zhang, Zhiqun and Haskins, William E and Chen, Su-Shing and
              Hayes, Ronald L and Wang, Kevin K W and Denslow, Nancy D",
  journal  = "Mass spectrometry reviews",
  volume   =  25,
  number   =  3,
  pages    = "380--408",
  month    =  may,
  year     =  2006,
  note     = "http://dx.doi.org/10.1002/mas.20073",
  language = "en",
  issn     = "0277-7037",
  pmid     = "16498609",
  doi      = "10.1002/mas.20073"
}


@ARTICLE{pilot,
  title    = "{Fast start-up of a pilot-scale deammonification sequencing batch
              reactor from an activated sludge inoculum}",
  author   = "Jeanningros, Y and Vlaeminck, S E and Kaldate, A and Verstraete,
              W and Graveleau, L",
  journal  = "Water science and technology: a journal of the International
              Association on Water Pollution Research",
  volume   =  61,
  number   =  6,
  pages    = "1393--1400",
  year     =  2010,
  note     = "http://dx.doi.org/10.2166/wst.2010.019",
  language = "en",
  issn     = "0273-1223",
  pmid     = "20351417",
  doi      = "10.2166/wst.2010.019"
}



@ARTICLE{blood,
  title    = "{Red blood cell oxidative stress impairs oxygen delivery and
              induces red blood cell aging}",
  author   = "Mohanty, Joy G and Nagababu, Enika and Rifkind, Joseph M",
  journal  = "Frontiers in physiology",
  volume   =  5,
  pages    = "84",
  month    =  feb,
  year     =  2014,
  note     = "http://dx.doi.org/10.3389/fphys.2014.00084",
  keywords = "cellular aging; deformability; heme degradation; oxidative
              Stress; red blood cells",
  language = "en",
  issn     = "1664-042X",
  pmid     = "24616707",
  doi      = "10.3389/fphys.2014.00084",
  pmc      = "PMC3937982"
}


@ARTICLE{milk,
  title    = "{Life cycle assessment of Italian high quality milk production. A
              comparison with an EPD study}",
  author   = "Fantin, Valentina and Buttol, Patrizia and Pergreffi, Roberto and
              Masoni, Paolo",
  journal  = "Journal of cleaner production",
  volume   =  28,
  pages    = "150--159",
  month    =  jun,
  year     =  2012,
  note     = "http://www.sciencedirect.com/science/article/pii/S095965261100388X",
  keywords = "LCA; Food; Agriculture; Dairy; Environmental product declaration;
              Comparability",
  issn     = "0959-6526",
  doi      = "10.1016/j.jclepro.2011.10.017"
}


%%%%%%%%%%%%%%%%%%%%%%%%%%%%%%%%%%%
%old
%%%%%%%%%%%%%%%%%%%%%%%%%%%%%%%%%%

@Article{towards,
  author =       "Batool K, Niazi MA",
  title =        "Towards a Methodology for Validation of Centrality Measures in Complex Networks",
  journal =      "PLoS ONE",
  volume =       "9",
  number =       "4",
  year =         "2014",
  DOI =          "https://doi.org/10.1371/journal.pone.0090283"
}

@Article{rscgraph,
author ="Jacob, Philipp-Maximilian and Lapkin, Alexei",
title  ="Statistics of the network of organic chemistry",
journal  ="React. Chem. Eng.",
year  ="2018",
volume  ="3",
issue  ="1",
pages  ="102-118",
publisher  ="The Royal Society of Chemistry",
doi  ="10.1039/C7RE00129K",
note ="http://dx.doi.org/10.1039/C7RE00129K"}

@article{nnet,
author = {Wei, Jennifer N. and Duvenaud, David and Aspuru-Guzik, AlÃ¡n},
title = {Neural Networks for the Prediction of Organic Chemistry Reactions},
journal = {ACS Central Science},
volume = {2},
number = {10},
pages = {725-732},
year = {2016},
doi = {10.1021/acscentsci.6b00219},
    note ={PMID: 27800555},

note= {
        https://doi.org/10.1021/acscentsci.6b00219

},
eprint = {
        https://doi.org/10.1021/acscentsci.6b00219

}

}


@ARTICLE{sm2,
  title    = "{Network 'small-world-ness': a quantitative method for determining
              canonical network equivalence}",
  author   = "Humphries, Mark D and Gurney, Kevin",
  journal  = "PloS one",
  volume   =  3,
  number   =  4,
  pages    = "e0002051",
  month    =  apr,
  year     =  2008,
  url      = "http://dx.doi.org/10.1371/journal.pone.0002051",
  language = "en",
  issn     = "1932-6203",
  pmid     = "18446219",
  doi      = "10.1371/journal.pone.0002051",
  pmc      = "PMC2323569"
}


@ARTICLE{smallworld,
  title    = "{Collective dynamics of 'small-world' networks}",
  author   = "Watts, D J and Strogatz, S H",
  journal  = "Nature",
  volume   =  393,
  number   =  6684,
  pages    = "440--442",
  year     =  1998,
  url      = "http://dx.doi.org/10.1038/30918",
  language = "en",
  issn     = "0028-0836",
  pmid     = "9623998",
  doi      = "10.1038/30918"
}



@article{load,
  title = {Scientific collaboration networks. II. Shortest paths, weighted networks, and centrality},
  author = {Newman, M. E. J.},
  journal = {Phys. Rev. E},
  volume = {64},
  issue = {1},
  pages = {016132},
  numpages = {7},
  year = {2001},
  month = {Jun},
  publisher = {American Physical Society},
  doi = {10.1103/PhysRevE.64.016132},
  note= {https://link.aps.org/doi/10.1103/PhysRevE.64.016132}
}

@Article{closeness,
author="Sabidussi, Gert",
title="The centrality index of a graph",
journal="Psychometrika",
year="1966",
month="Dec",
day="01",
volume="31",
number="4",
pages="581--603",
issn="1860-0980",
doi="10.1007/BF02289527",
url="https://doi.org/10.1007/BF02289527"
}






@Article{Einstein,
  author =       "Albert Einstein",
  title =        "{Zur Elektrodynamik bewegter K{\"o}rper}. ({German})
                 [{On} the electrodynamics of moving bodies]",
  journal =      "Annalen der Physik",
  volume =       "322",
  number =       "10",
  pages =        "891--921",
  year =         "1905",
  DOI =          "http://dx.doi.org/10.1002/andp.19053221004"
}


@article{google,
          number = {1999-66},
           month = {November},
          author = {Lawrence Page and Sergey Brin and Rajeev Motwani and Terry Winograd},
           title = {The PageRank Citation Ranking: Bringing Order to the Web.},
            type = {Technical Report},
       publisher = {Stanford InfoLab},
       journal={Stanford InfoLab},
            year = {1999},
     institution = {Stanford InfoLab},
             note= {Previous number = SIDL-WP-1999-0120 \url{http://ilpubs.stanford.edu:8090/422/}}
             }



@article{eigen,
 ISSN = {00029602, 15375390},
 note= {http://www.jstor.org/stable/2780000},
 author = {Phillip Bonacich},
 journal = {American Journal of Sociology},
 number = {5},
 pages = {1170--1182},
 publisher = {University of Chicago Press},
 title = {Power and Centrality: A Family of Measures},
 volume = {92},
 year = {1987}
}

@article{cook,
 ISSN = {00029602, 15375390},
 note= {http://www.jstor.org/stable/2779142},

 author = {Karen S. Cook and Richard M. Emerson and Mary R. Gillmore and Toshio Yamagishi},
 journal = {American Journal of Sociology},
 number = {2},
 pages = {275--305},
 publisher = {University of Chicago Press},
 title = {The Distribution of Power in Exchange Networks: Theory and Experimental Results},
 volume = {89},
 year = {1983}
}

@ARTICLE{eades,
author={Eades, P.},
title={A Heuristic for Graph Drawing},
year={1984},
pages={149-160},
note={cited By 1},
source={Scopus},
}

@article{treemap,
 author = {Shneiderman, Ben},
 title = {Tree Visualization with Tree-maps: 2-d Space-filling Approach},
 journal = {ACM Trans. Graph.},
 issue_date = {Jan. 1992},
 volume = {11},
 number = {1},
 month = jan,
 year = {1992},
 issn = {0730-0301},
 pages = {92--99},
 numpages = {8},
 note= {\url{http://doi.acm.org/10.1145/102377.115768}},
 doi = {10.1145/102377.115768},
 acmid = {115768},
 publisher = {ACM},
 address = {New York, NY, USA},
}

@InProceedings{mosaic,
author="Hartigan, J. A.
and Kleiner, B.",
editor="Eddy, William F.",
title="Mosaics for Contingency Tables",
booktitle="Computer Science and Statistics: Proceedings of the 13th Symposium on the Interface",
year="1981",
publisher="Springer US",
address="New York, NY",
pages="268--273",
isbn="978-1-4613-9464-8"
}


@MISC{lapack,
  title        = "{LAPACK --- Linear Algebra PACKage}",
  note         = "http://www.netlib.org/lapack/",
  howpublished = "\url{http://www.netlib.org/lapack/}",
  note         = "Accessed: 2019-4-29",
  year=2019
}

@Misc{scipy,
  author =    {Eric Jones and Travis Oliphant and Pearu Peterson and others},
  title =     {{SciPy}: Open source scientific tools for {Python}},
  year =      {2001--},
  note= "http://www.scipy.org/"
}

@Misc{numpy,
author = {Oliphant, Travis},
year = {2006},
month = {01},
pages = {},
title = {Guide to NumPy}
}

@InProceedings{networkx,
  author =       {Aric A. Hagberg and Daniel A. Schult and Pieter J. Swart},
  title =        {Exploring Network Structure, Dynamics, and Function using NetworkX},
  booktitle =   {Proceedings of the 7th Python in Science Conference},
  pages =     {11 - 15},
  address = {Pasadena, CA USA},
  year =      {2008},
  editor =    {Ga\"el Varoquaux and Travis Vaught and Jarrod Millman},
}


@ARTICLE{milk2,
  title    = "{Photochemical ozone creation potentials for oxygenated volatile
              organic compounds: sensitivity to variations in kinetic and
              mechanistic parameters}",
  author   = "Jenkin, Michael E and Hayman, Garry D",
  journal  = "Atmospheric environment",
  volume   =  33,
  number   =  8,
  pages    = "1275--1293",
  month    =  apr,
  year     =  1999,
  url      = "http://www.sciencedirect.com/science/article/pii/S1352231098002611",
  keywords = "VOC oxidation; Tropospheric chemistry; Ozone formation
              potentials; Photochemical degradation mechanisms; Secondary
              pollutants",
  issn     = "0004-6981, 1352-2310",
  doi      = "10.1016/S1352-2310(98)00261-1"
}

@ARTICLE{milk1,
  title    = "{Photochemical ozone creation potentials for organic compounds in
              northwest Europe calculated with a master chemical mechanism}",
  author   = "Derwent, Richard G and Jenkin, Michael E and Saunders, Sandra M
              and Pilling, Michael J",
  journal  = "Atmospheric environment",
  volume   =  32,
  number   =  14,
  pages    = "2429--2441",
  month    =  aug,
  year     =  1998,
  url      = "http://www.sciencedirect.com/science/article/pii/S1352231098000533",
  keywords = "Ozone; PAN; organic compounds; NO; hydrocarbon reactivity;
              regional scale pollution; chemical mechanism",
  issn     = "0004-6981, 1352-2310",
  doi      = "10.1016/S1352-2310(98)00053-3"
}


@ARTICLE{neuro2,
  title    = "{Large scale gene expression profiling of metabolic shift of
              mammalian cells in culture}",
  author   = "Korke, Rashmi and Gatti, Marcela de Leon and Lau, Ally Lei Yin
              and Lim, Justin Wee Eng and Seow, Teck Keong and Chung, Maxey
              Ching Ming and Hu, Wei-Shou",
  journal  = "Journal of biotechnology",
  volume   =  107,
  number   =  1,
  pages    = "1--17",
  month    =  jan,
  year     =  2004,
  url      = "http://dx.doi.org/10.1016/j.jbiotec.2003.09.007",
  language = "en",
  issn     = "0168-1656",
  pmid     = "14687967",
  doi      = "10.1016/j.jbiotec.2003.09.007"
}


@ARTICLE{georiver1,
  title    = "{Relating carbon monoxide photoproduction to dissolved organic
              matter functionality}",
  author   = "Stubbins, Aron and Hubbard, Vesper and Uher, Guenther and Law,
              Cliff S and Upstill-Goddard, Robert C and Aiken, George R and
              Mopper, Kenneth",
  journal  = "Environmental science \& technology",
  volume   =  42,
  number   =  9,
  pages    = "3271--3276",
  month    =  may,
  year     =  2008,
  url      = "http://dx.doi.org/10.1021/es703014q",
  language = "en",
  issn     = "0013-936X",
  pmid     = "18522105",
  doi      = "10.1021/es703014q"
}

@article{mcmpartA,
  TITLE = {{Protocol for the development of the Master Chemical Mechanism, MCM v3 (Part A): tropospheric degradation of non-aromatic volatile organic compounds}},
  AUTHOR = {Saunders, S. M. and Jenkin, M. E. and Derwent, R. G. and Pilling, M. J.},
  URL = {https://hal.archives-ouvertes.fr/hal-00295229},
  JOURNAL = {{Atmospheric Chemistry and Physics}},
  PUBLISHER = {{European Geosciences Union}},
  VOLUME = {3},
  NUMBER = {1},
  PAGES = {161-180},
  YEAR = {2003},
  MONTH = Feb,
  PDF = {https://hal.archives-ouvertes.fr/hal-00295229/file/acp-3-161-2003.pdf},
  HAL_ID = {hal-00295229},
  HAL_VERSION = {v1},
}

@Article{mcmpartB,
AUTHOR = {Jenkin, M. E. and Saunders, S. M. and Wagner, V. and Pilling, M. J.},
TITLE = {Protocol for the development of the Master Chemical Mechanism, MCM v3 (Part B): tropospheric degradation of aromatic volatile organic compounds},
JOURNAL = {Atmospheric Chemistry and Physics},
VOLUME = {3},
YEAR = {2003},
NUMBER = {1},
PAGES = {181--193},
URL = {https://www.atmos-chem-phys.net/3/181/2003/},
DOI = {10.5194/acp-3-181-2003}
}

@Article{detailedmcm,
AUTHOR = {Bloss, C. and Wagner, V. and Jenkin, M. E. and Volkamer, R. and Bloss, W. J. and Lee, J. D. and Heard, D. E. and Wirtz, K. and Martin-Reviejo, M. and Rea, G. and Wenger, J. C. and Pilling, M. J.},
TITLE = {Development of a detailed chemical mechanism (MCMv3.1) for the atmospheric oxidation of aromatic hydrocarbons},
JOURNAL = {Atmospheric Chemistry and Physics},
VOLUME = {5},
YEAR = {2005},
NUMBER = {3},
PAGES = {641--664},
URL = {https://www.atmos-chem-phys.net/5/641/2005/},
DOI = {10.5194/acp-5-641-2005}
}

@Article{isopmcm,
AUTHOR = {Jenkin, M. E. and Young, J. C. and Rickard, A. R.},
TITLE = {The MCM v3.3.1 degradation scheme for isoprene},
JOURNAL = {Atmospheric Chemistry and Physics},
VOLUME = {15},
YEAR = {2015},
NUMBER = {20},
PAGES = {11433--11459},
URL = {https://www.atmos-chem-phys.net/15/11433/2015/},
DOI = {10.5194/acp-15-11433-2015}
}




@article{hongkongmcm,
author = {Ling, Z. H. and Guo, H. and Lam, S. H. M. and Saunders, S. M. and Wang, T.},
title = {Atmospheric photochemical reactivity and ozone production at two sites in Hong Kong: Application of a Master Chemical Mechanism–photochemical box model},
journal = {Journal of Geophysical Research: Atmospheres},
volume = {119},
number = {17},
pages = {10567-10582},
keywords = {atmospheric photochemical reactivity, photochemical box model, Master Chemical Mechanism, Hong Kong},
doi = {10.1002/2014JD021794},
url = {https://agupubs.onlinelibrary.wiley.com/doi/abs/10.1002/2014JD021794},
eprint = {https://agupubs.onlinelibrary.wiley.com/doi/pdf/10.1002/2014JD021794},
year = {2014}
}


@ARTICLE{hoxcompmcm,
  title    = "{HO x budgets during HOxComp: A case study of HO x chemistry under
              NO x -limited conditions}",
  author   = "Elshorbany, Y F and Kleffmann, J and Hofzumahaus, A and
              Kurtenbach, R and Wiesen, P and Brauers, T and Bohn, B and Dorn,
              H-P and Fuchs, H and Holland, F and Rohrer, F and Tillmann, R and
              Wegener, R and Wahner, A and Kanaya, Y and Yoshino, A and
              Nishida, S and Kajii, Y and Martinez, M and Kubistin, D and
              Harder, H and Lelieveld, J and Elste, T and Plass-D{\"u}lmer, C
              and Stange, G and Berresheim, H and Schurath, U",
  journal  = "Journal of geophysical research",
  volume   =  117,
  year = 2012,
  number   = "D3",
  url      = "https://www.academia.edu/29719780/HO_x_budgets_during_HOxComp_A_case_study_of_HO_x_chemistry_under_NO_x_-limited_conditions",
  issn     = "0148-0227"
}


@article {newmancoauthor,
	author = {Newman, M. E. J.},
	title = {Coauthorship networks and patterns of scientific collaboration},
	volume = {101},
	number = {suppl 1},
	pages = {5200--5205},
	year = {2004},
	doi = {10.1073/pnas.0307545100},
	publisher = {National Academy of Sciences},
	issn = {0027-8424},
	URL = {https://www.pnas.org/content/101/suppl_1/5200},
	eprint = {https://www.pnas.org/content/101/suppl_1/5200.full.pdf},
	journal = {Proceedings of the National Academy of Sciences}
}

@INPROCEEDINGS{coauthornew,
author={M. {Fujita} and H. {Inoue} and T. {Terano}},
booktitle={2017 IEEE 41st Annual Computer Software and Applications Conference (COMPSAC)},
title={Searching Promising Researchers through Network Centrality Measures of Co-author Networks of Technical Papers},
year={2017},
volume={2},
number={},
pages={615-618},
doi={10.1109/COMPSAC.2017.205},
ISSN={0730-3157},
month={July},}