
@MISC{pcaim,
  title        = "{Principal Component Analysis explained visually}",
  booktitle    = "{Explained Visually}",
  url          = "http://setosa.io/ev/principal-component-analysis/",
  howpublished = "\url{http://setosa.io/ev/principal-component-analysis/}",
  year=2020,
  author = "Victor Powell",
  note         = "Accessed: 2020-2-25"
}


@ARTICLE{mqnpca,
  title    = "{Exploring the GDB-13 chemical space using deep generative models}",
  author   = "Ar{\'u}s-Pous, Josep and Blaschke, Thomas and Ulander, Silas and
              Reymond, Jean-Louis and Chen, Hongming and Engkvist, Ola",
  journal  = "Journal of cheminformatics",
  volume   =  11,
  number   =  1,
  pages    = "20",
  month    =  mar,
  year     =  2019,
  url      = "http://dx.doi.org/10.1186/s13321-019-0341-z",
  keywords = "Chemical databases; Chemical space exploration; Deep generative
              models; Deep learning; Recurrent neural networks",
  language = "en",
  issn     = "1758-2946",
  pmid     = "30868314",
  doi      = "10.1186/s13321-019-0341-z",
  pmc      = "PMC6419837"
}



@misc{forrester,
  author       = {Dan Ellis and
                  Tomás Sherwen},
  title        = {wolfiex/TreeSurgeon: Wollemia},
  month        = jul,
  year         = 2019,
  publisher    = {Zenodo},
  version      = {v1.3},
  doi          = {10.5281/zenodo.3346817},
  url          = {https://doi.org/10.5281/zenodo.3346817}
}

@Article{iodene,
AUTHOR = {Sherwen, T. and Chance, R. J. and Tinel, L. and Ellis, D. and Evans, M. J. and Carpenter, L. J.},
TITLE = {A machine-learning-based global sea-surface iodide distribution},
JOURNAL = {Earth System Science Data},
VOLUME = {11},
YEAR = {2019},
NUMBER = {3},
PAGES = {1239--1262},
URL = {https://www.earth-syst-sci-data.net/11/1239/2019/},
DOI = {10.5194/essd-11-1239-2019}
}


@ARTICLE{rfrr,
  title   = "{Random Forests}",
  author  = "Breiman, Leo",
  journal = "Machine learning",
  volume  =  45,
  number  =  1,
  pages   = "5--32",
  month   =  oct,
  year    =  2001,
  url     = "https://doi.org/10.1023/A:1010933404324",
  issn    = "0885-6125, 1573-0565",
  doi     = "10.1023/A:1010933404324"
}


@Article{geosrf,
AUTHOR = {Keller, C. A. and Evans, M. J.},
TITLE = {Application of random forest regression to the calculation of gas-phase chemistry within the GEOS-Chem chemistry model v10},
JOURNAL = {Geoscientific Model Development},
VOLUME = {12},
YEAR = {2019},
NUMBER = {3},
PAGES = {1209--1225},
URL = {https://www.geosci-model-dev.net/12/1209/2019/},
DOI = {10.5194/gmd-12-1209-2019}
}

@article{optics,
author = {Ankerst, Mihael and Breunig, Markus M. and Kriegel, Hans-Peter and Sander, J\"{o}rg},
title = {OPTICS: Ordering Points to Identify the Clustering Structure},
year = {1999},
issue_date = {June 1999},
publisher = {Association for Computing Machinery},
address = {New York, NY, USA},
volume = {28},
number = {2},
issn = {0163-5808},
url = {https://doi.org/10.1145/304181.304187},
doi = {10.1145/304181.304187},
journal = {SIGMOD Rec.},
month = jun,
pages = {49–60},
numpages = {12},
keywords = {database mining, visualization, cluster analysis}
}


@inproceedings{kmeans,
address = "Berkeley, Calif.",
author = "MacQueen, J.",
booktitle = "Proceedings of the Fifth Berkeley Symposium on Mathematical Statistics and Probability, Volume 1: Statistics",
pages = "281--297",
publisher = "University of California Press",
title = "Some methods for classification and analysis of multivariate observations",
url = "https://projecteuclid.org/euclid.bsmsp/1200512992",
year = "1967"
}


@book{lessmore,
  title={Art-as-art: the selected writings of Ad Reinhardt},
  author={Reinhardt, A.},
  isbn={9780670134519},
  lccn={75019041},
  series={Documents of 20th-century art},
  url={https://books.google.co.uk/books?id=zyK4AAAAIAAJ},
  year={1975},
  publisher={Viking Press}
}


@MISC{aeim,
  title        = "{Convolutional Autoencoders for Image Noise Reduction}",
  booktitle    = "{Medium}",
  author       = "{Dataman}",
  publisher    = "Towards Data Science",
  year         =  2019,
  url          = "https://towardsdatascience.com/convolutional-autoencoders-for-image-noise-reduction-32fce9fc1763",
  howpublished = "\url{https://towardsdatascience.com/convolutional-autoencoders-for-image-noise-reduction-32fce9fc1763}",
  note         = "Accessed: 2020-2-26"
}


@INPROCEEDINGS{aenoise,
author={N. M. N. {Leite} and E. T. {Pereira} and E. C. {Gurjão} and L. R. {Veloso}},
booktitle={2018 IEEE International Conference on Bioinformatics and Biomedicine (BIBM)},
title={Deep Convolutional Autoencoder for EEG Noise Filtering},
year={2018},
volume={},
number={},
pages={2605-2612},
doi={10.1109/BIBM.2018.8621080},
ISSN={null},
month={Dec},}

@ARTICLE{pcareview,
  title    = "{Principal component analysis: a review and recent developments}",
  author   = "Jolliffe, Ian T and Cadima, Jorge",
  journal  = "Philosophical transactions. Series A, Mathematical, physical, and engineering sciences",
  volume   =  374,
  number   =  2065,
  pages    = "20150202",
  month    =  apr,
  year     =  2016,
  url      = "http://dx.doi.org/10.1098/rsta.2015.0202",
  language = "en",
  issn     = "1364-503X, 1471-2962",
  pmid     = "26953178",
  doi      = "10.1098/rsta.2015.0202",
  pmc      = "PMC4792409"
}


@ARTICLE{pcanoise,
  title   = "{Principal component analysis based signal-to-noise ratio
             improvement for inchoate faulty signals: Application to ball
             bearing fault detection}",
  author  = "Hamadache, Moussa and Lee, Dongik",
  journal = "International journal of control, automation, and systems",
  volume  =  15,
  number  =  2,
  pages   = "506--517",
  month   =  apr,
  year    =  2017,
  url     = "https://doi.org/10.1007/s12555-015-0196-7",
  issn    = "1598-6446, 2005-4092",
  doi     = "10.1007/s12555-015-0196-7"
}


@INCOLLECTION{pcacompress,
  title     = "{Application of Principal Component Analysis to Image Compression}",
  booktitle = "{Statistics - Growing Data Sets and Growing Demand for Statistics}",
  author    = "Hernandez, Wilmar and Mendez, Alfredo",
  editor    = "G{\"o}ksel, T{\"u}rkmen",
  publisher = "InTech",
  month     =  nov,
  year      =  2018,
  url       = "http://www.intechopen.com/books/statistics-growing-data-sets-and-growing-demand-for-statistics/application-of-principal-component-analysis-to-image-compression",
  isbn      = "9781789843958, 9781789843965",
  doi       = "10.5772/intechopen.75007"
}


@article {drrandom,
	author = {Roweis, Sam T. and Saul, Lawrence K.},
	title = {Nonlinear Dimensionality Reduction by Locally Linear Embedding},
	volume = {290},
	number = {5500},
	pages = {2323--2326},
	year = {2000},
	doi = {10.1126/science.290.5500.2323},
	publisher = {American Association for the Advancement of Science},
	issn = {0036-8075},
	URL = {https://science.sciencemag.org/content/290/5500/2323},
	eprint = {https://science.sciencemag.org/content/290/5500/2323.full.pdf},
	journal = {Science}
}


@ARTICLE{TrialandError,
  title     = "{Human Trial-and-Error Learning}",
  author    = "Noble, Clyde E",
  journal   = "Psychological reports",
  publisher = "SAGE Publications Inc",
  volume    =  3,
  number    =  2,
  pages     = "377--398",
  month     =  sep,
  year      =  1957,
  url       = "https://doi.org/10.2466/pr0.1957.3.h.377",
  annote    = "doi: 10.2466/pr0.1957.3.h.377",
  issn      = "0033-2941",
  doi       = "10.2466/pr0.1957.3.h.377"
}

@article{pr,
author = {Baillargeon, Renace and Carey, Susan},
year = {2012},
month = {01},
title = {Core Cognition and Beyond: The Acquisition of Physical and Numerical Knowledge},
journal = {Early childhood development and later outcome}
}

@PHDTHESIS{objects,
  title  = "{Infant Places, Spaces and Objects: Exploring the Physical in
            Learning Environments for Infants Under Two}",
  author = "Lynch, Helen",
  url    = "http://dx.doi.org/10.21427/D73W37",
  doi    = "10.21427/D73W37",
  year = 2011
}


@BOOK{descartes,
  title     = "{Meditations on first philosophy}",
  author    = "Descartes, Ren{\'e} and Lafleur, Laurence J",
  publisher = "Bobbs-Merrill New York",
  year      =  1960,
  url       = "http://selfpace.uconn.edu/class/percep/DescartesMeditations.pdf"
}

@book{accidental,
  title={Serendipity: Accidental Discoveries in Science},
  author={Roberts, R.M.},
  isbn={9780471602033},
  lccn={lc88033638},
  series={Wiley Science Editions},
  url={https://books.google.co.uk/books?id=hf57X0s4aPwC},
  year={1989},
  publisher={Wiley}
}

@article{dft,
title = "The hydrogen bond strength: New proposals to evaluate the intermolecular interaction using DFT calculations and the AIM theory",
journal = "Chemical Physics Letters",
volume = "427",
number = "1",
pages = "181 - 184",
year = "2006",
issn = "0009-2614",
doi = "https://doi.org/10.1016/j.cplett.2006.06.019",
url = "http://www.sciencedirect.com/science/article/pii/S000926140600861X",
author = "B.G. Oliveira and F.S. Pereira and R.C.M.U. de AraÃºjo and M.N. Ramos"}

@article{lion,
author = {T. Leube, Bernhard and Inglis, Kenneth and J. Carrington, Elliot and Sharp, Paul},
year = {2018},
month = {09},
title = {Lithium transport in Li 4.4 M 0.4 M â 0.6 S 4 ( M = Al 3+ , Ga 3+ and M â= Ge 4+ , Sn 4+ ): Combined crystallographic, conductivity, solid state NMR and computational studies},
volume = {30},
journal = {Chemistry of Materials},
doi = {10.1021/acs.chemmater.8b03175}
}

@article{theoreticalbio,
title = "Modelling biological evolution: Linking mathematical theories with empirical realities",
journal = "Journal of Theoretical Biology",
volume = "405",
pages = "1 - 4",
year = "2016",
note = "Advances in Modelling Biological Evolution: Linking Mathematical Theories with Empirical Realities",
issn = "0022-5193",
doi = "https://doi.org/10.1016/j.jtbi.2016.07.007",
url = "http://www.sciencedirect.com/science/article/pii/S0022519316301849",
author = "Andrew Morozov",
}

@article{drug,
title = "Machine learning in chemoinformatics and drug discovery",
journal = "Drug Discovery Today",

author={Yu-ChenLo},
volume = "23",
number = "8",
pages = "1538 - 1546",
year = "2018",
issn = "1359-6446",
doi = "https://doi.org/10.1016/j.drudis.2018.05.010",
url = "http://www.sciencedirect.com/science/article/pii/S1359644617304695"
}


@ARTICLE{wired,
  title  = "{The End of Theory: The Data Deluge Makes the Scientific Method
            Obsolete}",
  author = "Anderson, Chris",
  journal="online",
  year = "2008",
  url    = "http://www.wired.com/print/science/discoveries/magazine/16-0"
}


@ARTICLE{allmodels,
  title     = "{Science and Statistics}",
  author    = "Box, George E P",
  journal   = "Journal of the American Statistical Association",
  publisher = "Taylor \& Francis",
  volume    =  71,
  number    =  356,
  pages     = "791--799",
  month     =  dec,
  year      =  1976,
  url       = "https://www.tandfonline.com/doi/abs/10.1080/01621459.1976.10480949",
  annote    = "doi: 10.1080/01621459.1976.10480949",
  issn      = "0162-1459",
  doi       = "10.1080/01621459.1976.10480949"
}

@ARTICLE{topomap,
author = {Baskin, Igor},
year = {2016},
month = {05},
title = {Dimensionality Reduction in Chemoinformatics. Generative Topographic Mapping},
doi = {10.13140/RG.2.2.25621.93927},
publisher={.}
}


@INPROCEEDINGS{compdim,
  title     = "{A Comparison of Dimensionality Reduction Techniques in Virtual
               Screening}",
  booktitle = "{Artificial Intelligence and Soft Computing}",
  author    = "Pasupa, Kitsuchart",
  publisher = "Springer Berlin Heidelberg",
  pages     = "297--308",
  year      =  2013,
  url       = "http://dx.doi.org/10.1007/978-3-642-38610-7_28",
  doi       = "10.1007/978-3-642-38610-7\_28"
}



@ARTICLE{drviz,
  title  = "{Browsing Large Scale Cheminformatics Data with Dimension Reduction}",
  author = "Choi, Jong Youl and Bae, Seung-Hee and Qiu, Judy and Fox, Geoffrey
            and Chen, Bin and Wild, David",
  url    = "http://grids.ucs.indiana.edu/ptliupages/publications/ecmls2010_submission_13.pdf",
  year = "2019"
}



@ARTICLE{smiles,
  title     = "{SMILES, a chemical language and information system. 1.
               Introduction to methodology and encoding rules}",
  author    = "Weininger, David",
  journal   = "Journal of chemical information and computer sciences",
  publisher = "American Chemical Society",
  volume    =  28,
  number    =  1,
  pages     = "31--36",
  month     =  feb,
  year      =  1988,
  url       = "https://pubs.acs.org/doi/abs/10.1021/ci00057a005",
  annote    = "doi: 10.1021/ci00057a005",
  issn      = "0095-2338",
  doi       = "10.1021/ci00057a005"
}


@ARTICLE{smilesdrawer,
  title    = "{SmilesDrawer: Parsing and Drawing SMILES-Encoded Molecular
              Structures Using Client-Side JavaScript}",
  author   = "Probst, Daniel and Reymond, Jean-Louis",
  journal  = "Journal of chemical information and modeling",
  volume   =  58,
  number   =  1,
  pages    = "1--7",
  month    =  jan,
  year     =  2018,
  url      = "http://dx.doi.org/10.1021/acs.jcim.7b00425",
  language = "en",
  issn     = "1549-9596, 1549-960X",
  pmid     = "29257869",
  doi      = "10.1021/acs.jcim.7b00425"
}

@Article{wyche,
AUTHOR = {Wyche, K. P. and Monks, P. S. and Smallbone, K. L. and Hamilton, J. F. and Alfarra, M. R. and Rickard, A. R. and McFiggans, G. B. and Jenkin, M. E. and Bloss, W. J. and Ryan, A. C. and Hewitt, C. N. and MacKenzie, A. R.},
TITLE = {Mapping gas-phase organic reactivity and concomitant secondary organic aerosol formation: chemometric dimension reduction techniques for the deconvolution of complex atmospheric data sets},
JOURNAL = {Atmospheric Chemistry and Physics},
VOLUME = {15},
YEAR = {2015},
NUMBER = {14},
PAGES = {8077--8100},
URL = {https://www.atmos-chem-phys.net/15/8077/2015/},
DOI = {10.5194/acp-15-8077-2015}
}

@MISC{cover,
  title        = "{Chemical Kinetic Interactions Cover Image}",
  author = "Daniel Ellis",
  url          = "https://s100.copyright.com/AppDispatchServlet?startPage=i&publisherName=Wiley&publication=kin&contentID=10.1002%2Fkin.21180&endPage=i&title=Cover+Image%2C+Volume+50%2C+Issue+6",
  howpublished = "\url{https://s100.copyright.com/AppDispatchServlet?startPage=i&publisherName=Wiley&publication=kin&contentID=10.1002%2Fkin.21180&endPage=i&title=Cover+Image%2C+Volume+50%2C+Issue+6}",
  doi="10.1002/kin.21180"
  note         = "Accessed: 2019-6-6",
  year = 2019
}


@ARTICLE{analog,
  title    = "{A nontoxic pain killer designed by modeling of pathological
              receptor conformations}",
  author   = "Spahn, V and Del Vecchio, G and Labuz, D and
              Rodriguez-Gaztelumendi, A and Massaly, N and Temp, J and Durmaz,
              V and Sabri, P and Reidelbach, M and Machelska, H and Weber, M
              and Stein, C",
  journal  = "Science",
  volume   =  355,
  number   =  6328,
  pages    = "966--969",
  month    =  mar,
  year     =  2017,
  url      = "http://dx.doi.org/10.1126/science.aai8636",
  language = "en",
  issn     = "0036-8075, 1095-9203",
  pmid     = "28254944",
  doi      = "10.1126/science.aai8636"
}


@ARTICLE{MQN,
  title    = "{Classification of organic molecules by molecular quantum numbers}",
  author   = "Nguyen, Kong T and Blum, Lorenz C and van Deursen, Ruud and
              Reymond, Jean-Louis",
  journal  = "ChemMedChem",
  volume   =  4,
  number   =  11,
  pages    = "1803--1805",
  month    =  nov,
  year     =  2009,
  url      = "http://dx.doi.org/10.1002/cmdc.200900317",
  language = "en",
  issn     = "1860-7179, 1860-7187",
  pmid     = "19774591",
  doi      = "10.1002/cmdc.200900317"
}


@ARTICLE{periodic,
  title    = "{Icon of chemistry: the periodic system of chemical elements in
              the new century}",
  author   = "Wang, Shu-Guang and Schwarz, W H Eugen",
  journal  = "Angewandte Chemie",
  volume   =  48,
  number   =  19,
  pages    = "3404--3415",
  year     =  2009,
  url      = "http://dx.doi.org/10.1002/anie.200800827",
  language = "en",
  issn     = "1433-7851, 1521-3773",
  pmid     = "19206125",
  doi      = "10.1002/anie.200800827"
}


@MISC{rdkitcode,
  title       = "{rdkit}",
  institution = "Github",
  author={rdkit},
  url         = "\url{https://github.com/rdkit/rdkit/blob/24f1737839c9302489cadc473d8d9196ad9187b4/rdkit/Chem/MACCSkeys.py}",
  year = {2019}
}

@inproceedings{curse, author = {Indyk, Piotr and Motwani, Rajeev}, title = {Approximate Nearest Neighbors: Towards Removing the Curse of Dimensionality}, year = {1998}, isbn = {0897919629}, publisher = {Association for Computing Machinery}, address = {New York, NY, USA}, url = {https://doi.org/10.1145/276698.276876}, doi = {10.1145/276698.276876}, booktitle = {Proceedings of the Thirtieth Annual ACM Symposium on Theory of Computing}, pages = {604–613}, numpages = {10}, location = {Dallas, Texas, USA}, series = {STOC ’98} }


@MISC{maccs,
 title="MACCS-II",
 author="MDL Information Systems/Symyx (MDL)",
 journal="Santa Clara, CA",
 year = 1984
 }


@ARTICLE{optimised,
  title    = "{Reoptimization of MDL keys for use in drug discovery}",
  author   = "Durant, Joseph L and Leland, Burton A and Henry, Douglas R and
              Nourse, James G",
  journal  = "Journal of chemical information and computer sciences",
  volume   =  42,
  number   =  6,
  pages    = "1273--1280",
  month    =  nov,
  year     =  2002,
  url      = "https://www.ncbi.nlm.nih.gov/pubmed/12444722",
  language = "en",
  issn     = "0095-2338",
  pmid     = "12444722",
  doi      = "10.1021/ci010132r"
}

@misc{rdkit,
  author       = {Greg Landrum and
                  Paolo Tosco and
                  Brian Kelley and
                  sriniker and
                  gedeck and
                  NadineSchneider and
                  Riccardo Vianello and
                  Andrew Dalke and
                  Brian Cole and
                  AlexanderSavelyev and
                  Samo Turk and
                  Ric and
                  Matt Swain and
                  Alain Vaucher and
                  Dan N and
                  Maciej Wójcikowski and
                  Axel Pahl and
                  JP and
                  strets123 and
                  JLVarjo and
                  Noel O'Boyle and
                  Francois Berenger and
                  Patrick Fuller and
                  Jan Holst Jensen and
                  Gianluca Sforna and
                  DoliathGavid and
                  David Cosgrove and
                  Michał Nowotka and
                  Karl Leswing and
                  Jeff van Santen},
  title        = {rdkit 2019-03-2 (Q1 2019) Release},
  month        = may,
  year         = 2019,
  doi          = {10.5281/zenodo.2864247},
  url          = {https://doi.org/10.5281/zenodo.2864247}
}


@ARTICLE{atompairs,
  title     = "{Atom pairs as molecular features in structure-activity studies:
               definition and applications}",
  author    = "Carhart, Raymond E and Smith, Dennis H and Venkataraghavan, R",
  journal   = "Journal of chemical information and computer sciences",
  publisher = "American Chemical Society",
  volume    =  25,
  number    =  2,
  pages     = "64--73",
  month     =  may,
  year      =  1985,
  url       = "https://pubs.acs.org/doi/abs/10.1021/ci00046a002",
  annote    = "doi: 10.1021/ci00046a002",
  issn      = "0095-2338",
  doi       = "10.1021/ci00046a002"
}


@ARTICLE{atompairdef,
  title    = "{Utilizing knowledge base of amino acids structural neighborhoods
              to predict protein-protein interaction sites}",
  author   = "Jel{\'\i}nek, Jan and {\v S}koda, Petr and Hoksza, David",
  journal  = "BMC bioinformatics",
  volume   =  18,
  number   = "Suppl 15",
  pages    = "492",
  month    =  dec,
  year     =  2017,
  url      = "http://dx.doi.org/10.1186/s12859-017-1921-4",
  keywords = "Data mining; Molecular fingerprints; Prediction; Protein-protein
              interaction",
  language = "en",
  issn     = "1471-2105",
  pmid     = "29244012",
  doi      = "10.1186/s12859-017-1921-4",
  pmc      = "PMC5731498"
}


@MISC{definenetwork,
  title        = "{network | Definition of network in English by Lexico Dictionaries}",
  booktitle    = "{Lexico Dictionaries | English}",
  publisher    = "Lexico Dictionaries",
  author = "Oxford",
  url          = "https://www.lexico.com/en/definition/network",
  howpublished = "\url{https://www.lexico.com/en/definition/network}",
  year = 2019,
  note         = "Accessed: 2019-6-16"
}

@ARTICLE{ord,
author = {Shawn Martin},
title = {OpenOrd: an open-source toolbox for large graph layout},
volume = {7868},
year = {2011},
journal={.},
doi = {10.1117/12.871402},
URL = {https://doi.org/10.1117/12.871402}
}

@ARTICLE{butterfly,
  title     = "{Visual Analysis of Nonlinear Dynamical Systems: Chaos, Fractals,
               Self-Similarity and the Limits of Prediction}",
  author    = "Boeing, Geoff",
  journal   = "Systems",
  publisher = "Multidisciplinary Digital Publishing Institute",
  volume    =  4,
  number    =  4,
  pages     = "37",
  month     =  nov,
  year      =  2016,
  url       = "https://www.mdpi.com/2079-8954/4/4/37",
  language  = "en",
  doi       = "10.3390/systems4040037"
}


@ARTICLE{lorenzbutterfly,
  author = {Edward N. Lorenz},
  title = {Predictability: Does the Flap of a Butterfly’s Wings in Brazil Set Off a Tornado in
Texas? },
year={1972},
journal={Americal Association For The Advancement of Science},
  url   = {https://static.gymportalen.dk/sites/lru.dk/files/lru/132_kap6_lorenz_artikel_the_butterfly_effect.pdf}
}


@article{pca,
author = { Karl   Pearson   F.R.S. },
title = {LIII. On lines and planes of closest fit to systems of points in space},
journal = {The London, Edinburgh, and Dublin Philosophical Magazine and Journal of Science},
volume = {2},
number = {11},
pages = {559-572},
year  = {1901},
publisher = {Taylor & Francis},
doi = {10.1080/14786440109462720},
URL = { https://doi.org/10.1080/14786440109462720},
eprint = {https://doi.org/10.1080/14786440109462720}
}
@article{pca2,
	doi = {10.1037/h0071325},
	url = {https://doi.org/10.1037%2Fh0071325},
	year = 1933,
	publisher = {American Psychological Association ({APA})},
	volume = {24},
	number = {6},
	pages = {417--441},
	author = {H. Hotelling},
	title = {Analysis of a complex of statistical variables into principal components.},
	journal = {Journal of Educational Psychology}
}


@TECHREPORT{pcamath,
  title  = "{A tutorial on principal components analysis}",
  author = "Smith, Lindsay I",
  year   =  {2002},
  institution = {otago},
  url    = "http://www.cs.otago.ac.nz/cosc453/student_tutorials/principal_components.pdf"
}


@ARTICLE{tsne,
  title    = "{Visualizing Data using t-SNE}",
  author   = "Maaten, Laurens van der and Hinton, Geoffrey",
  journal  = "Journal of machine learning research: JMLR",
  volume   =  9,
  number   = "Nov",
  pages    = "2579--2605",
  year     =  2008,
  url      = "http://www.jmlr.org/papers/v9/vandermaaten08a.html",
  issn     = "1532-4435, 1533-7928"
}


@MISC{tsneexplain,
  title        = "{t-SNE explained in plain javascript}",
  booktitle    = "{Observable}",
  author       = "Strayer, Nick",
  month        =  feb,
  year         =  2018,
  url          = "\url{https://observablehq.com/@nstrayer/t-sne-explained-in-plain-javascript}",
  howpublished = "\url{https://observablehq.com/@nstrayer/t-sne-explained-in-plain-javascript}",
  note         = "Accessed: 2019-7-2"
}


@ARTICLE{zmatrix,
  title    = "{Practical conversion from torsion space to Cartesian space for in
              silico protein synthesis}",
  author   = "Parsons, Jerod and Holmes, J Bradley and Rojas, J Maurice and
              Tsai, Jerry and Strauss, Charlie E M",
  journal  = "Journal of computational chemistry",
  volume   =  26,
  number   =  10,
  pages    = "1063--1068",
  month    =  jul,
  year     =  2005,
  url      = "http://dx.doi.org/10.1002/jcc.20237",
  language = "en",
  issn     = "0192-8651",
  pmid     = "15898109",
  doi      = "10.1002/jcc.20237"
}

@article{fourcolour,
author = "Appel, K. and Haken, W.",
fjournal = "Bulletin of the American Mathematical Society",
journal = "Bull. Amer. Math. Soc.",
month = "09",
number = "5",
pages = "711--712",
publisher = "American Mathematical Society",
title = "Every planar map is four colorable",
url = "https://projecteuclid.org:443/euclid.bams/1183538218",
volume = "82",
year = "1976"
}



@article{edgebundle,
 author = {Holten, Danny},
 title = {Hierarchical Edge Bundles: Visualization of Adjacency Relations in Hierarchical Data},
 journal = {IEEE Transactions on Visualization and Computer Graphics},
 issue_date = {September 2006},
 volume = {12},
 number = {5},
 month = sep,
 year = {2006},
 issn = {1077-2626},
 pages = {741--748},
 numpages = {8},
 url = {https://doi.org/10.1109/TVCG.2006.147},
 doi = {10.1109/TVCG.2006.147},
 acmid = {1187772},
 publisher = {IEEE Educational Activities Department},
 address = {Piscataway, NJ, USA},
}

@article{graphtsne,
 author = {Kruiger, J. F. and Rauber, P. E. and Martins, R. M. and Kerren, A. and Kobourov, S. and Telea, A. C.},
 title = {Graph Layouts by t-SNE},
 journal = {Comput. Graph. Forum},
 issue_date = {June 2017},
 volume = {36},
 number = {3},
 month = jun,
 year = {2017},
 issn = {0167-7055},
 pages = {283--294},
 numpages = {12},
 url = {https://doi.org/10.1111/cgf.13187},
 doi = {10.1111/cgf.13187},
 acmid = {3128423},
 publisher = {The Eurographs Association \&\#38; John Wiley \&\#38; Sons, Ltd.},
 address = {Chichester, UK},
}



@article{scikit,
 author = {Pedregosa, Fabian and Varoquaux, Ga\"{e}l and Gramfort, Alexandre and Michel, Vincent and Thirion, Bertrand and Grisel, Olivier and Blondel, Mathieu and Prettenhofer, Peter and Weiss, Ron and Dubourg, Vincent and Vanderplas, Jake and Passos, Alexandre and Cournapeau, David and Brucher, Matthieu and Perrot, Matthieu and Duchesnay, \'{E}douard},
 title = {Scikit-learn: Machine Learning in Python},
 journal = {J. Mach. Learn. Res.},
 issue_date = {2/1/2011},
 volume = {12},
 month = nov,
 year = {2011},
 issn = {1532-4435},
 pages = {2825--2830},
 numpages = {6},
 url = {http://dl.acm.org/citation.cfm?id=1953048.2078195},
 acmid = {2078195},
 publisher = {JMLR.org}
 }

 @INPROCEEDINGS{DBSCAN,
    author = {Martin Ester and Hans-peter Kriegel and Jörg Sander and Xiaowei Xu},
    title = {A density-based algorithm for discovering clusters in large spatial databases with noise},
    year = {1996},
    pages = {226--231},
    publisher = {AAAI Press}
}



@MISC{d3js,
  added-at = {2012-11-08T12:33:57.000+0100},
  author = {Bostock, Mike},
  biburl = {https://www.bibsonomy.org/bibtex/24fdb2faa7a94a7248a7fb5725aaa5afa/maxirichter},
  interhash = {9e3b5ed5b36799e856b35165b06248af},
  intrahash = {4fdb2faa7a94a7248a7fb5725aaa5afa},
  keywords = {browser css3 data html5 javascript visualization web},
  timestamp = {2012-11-08T12:33:57.000+0100},
  title = {D3.js - Data-Driven Documents},
  url = {http://d3js.org/},
  year = 2012
}



@article{delaunay,
    author = {Watson, D. F.},
    title = "{Computing the n-dimensional Delaunay tessellation with application to Voronoi polytopes*}",
    journal = {The Computer Journal},
    volume = {24},
    number = {2},
    pages = {167-172},
    year = {1981},
    month = {01},
    issn = {0010-4620},
    doi = {10.1093/comjnl/24.2.167},
    url = {https://doi.org/10.1093/comjnl/24.2.167},
    eprint = {http://oup.prod.sis.lan/comjnl/article-pdf/24/2/167/967258/240167.pdf},
}


@MISC{w4colobs,
  title        = "{d3-FourColour Voronoi}",
  booktitle    = "{Observable}",
  author       = "{Daniel Ellis}",
  month        =  jul,
  year         =  2019,
  url          = "\url{https://observablehq.com/@wolfiex/d3-fourcolour-voronoi}",
  howpublished = "\url{https://observablehq.com/@wolfiex/d3-fourcolour-voronoi}",
  note         = "Accessed: 2019-7-6"
}



@ARTICLE{krsig,
  title    = "{Graphical method for analysis of ultrahigh-resolution broadband
              mass spectra of natural organic matter, the van Krevelen diagram}",
  author   = "Kim, Sunghwan and Kramer, Robert W and Hatcher, Patrick G",
  journal  = "Analytical chemistry",
  volume   =  75,
  number   =  20,
  pages    = "5336--5344",
  month    =  oct,
  year     =  2003,
  url      = "https://www.ncbi.nlm.nih.gov/pubmed/14710810",
  language = "en",
  issn     = "0003-2700",
  pmid     = "14710810",
  doi      = "10.1021/ac034415p"
}


@article{silhouette,
	Author = {Rousseeuw, Peter J. },
	Da = {1987/11/01/},
	Date-Added = {2019-09-15 20:11:13 +0100},
	Date-Modified = {2019-09-15 20:12:01 +0100},
	Doi = {https://doi.org/10.1016/0377-0427(87)90125-7},
	Isbn = {0377-0427},
	Journal = {Journal of Computational and Applied Mathematics},
	Keywords = {Graphical display; cluster analysis; clustering validity; classification},
	Pages = {53--65},
	Title = {Silhouettes: A graphical aid to the interpretation and validation of cluster analysis},
	Ty = {JOUR},
	Url = {http://www.sciencedirect.com/science/article/pii/0377042787901257},
	Volume = {20},
	Year = {1987},
	Bdsk-Url-1 = {http://www.sciencedirect.com/science/article/pii/0377042787901257},
	Bdsk-Url-2 = {https://doi.org/10.1016/0377-0427(87)90125-7}
}

@article{sklearn,
 title={{Scikit-learn: Machine Learning in Python }},
 author={Pedregosa, F. and Varoquaux, G. and Gramfort, A. and Michel, V.
         and Thirion, B. and Grisel, O. and Blondel, M. and Prettenhofer, P.
         and Weiss, R. and Dubourg, V. and Vanderplas, J. and Passos, A. and
         Cournapeau, D. and Brucher, M. and Perrot, M. and Duchesnay, E.},
 journal={Journal of Machine Learning Research},
 volume={12},
 pages={2825--2830},
 year={2011}
}


@ARTICLE{student,
  title     = "{On Student's 1908 Article ``The Probable Error of a Mean''}",
  author    = "Zabell, S L",
  journal   = "Journal of the American Statistical Association",
  publisher = "Taylor \& Francis",
  volume    =  103,
  number    =  481,
  pages     = "1--7",
  month     =  mar,
  year      =  2008,
  url       = "https://doi.org/10.1198/016214508000000030",
  annote    = "doi: 10.1198/016214508000000030",
  issn      = "0162-1459",
  doi       = "10.1198/016214508000000030"
}

@article{kullback,
author = "Kullback, S. and Leibler, R. A.",
doi = "10.1214/aoms/1177729694",
fjournal = "The Annals of Mathematical Statistics",
journal = "Ann. Math. Statist.",
month = "03",
number = "1",
pages = "79--86",
publisher = "The Institute of Mathematical Statistics",
title = "On Information and Sufficiency",
url = "https://doi.org/10.1214/aoms/1177729694",
volume = "22",
year = "1951"
}


@article{node2vec,
  title={node2vec: Scalable Feature Learning for Networks},
  author={Aditya Grover and Jure Leskovec},
  note         = "Accessed: 2019-10-21",
  year=2019
}

@MISC{fgps,
  title        = "{Functional Groups In Organic Chemistry}",
  booktitle    = "{Twitter}",
  url          = "https://twitter.com/compoundchem/status/1230953094474862592/photo/1",
  howpublished = "\url{https://twitter.com/compoundchem/status/1230953094474862592/photo/1}",
  note         = "Accessed: 2020-2-24",
  year = 2020,
  author="Andy Brunning"
}


@ARTICLE{inchi,
  title    = "{InChI - the worldwide chemical structure identifier standard}",
  author   = "Heller, Stephen and McNaught, Alan and Stein, Stephen and
              Tchekhovskoi, Dmitrii and Pletnev",
  journal  = "Journal of cheminformatics",
  volume   =  5,
  number   =  1,
  pages    = "7",
  month    =  jan,
  year     =  2013,
  url      = "http://dx.doi.org/10.1186/1758-2946-5-7",
  language = "en",
  issn     = "1758-2946",
  pmid     = "23343401",
  doi      = "10.1186/1758-2946-5-7",
  pmc      = "PMC3599061"
}
