
@book{sapiens,
  title={Sapiens: A Brief History of Humankind},
  author={Harari, Y.N.},
  isbn={9780062316103},
  lccn={2014028418},
  url={https://books.google.co.uk/books?id=FmyBAwAAQBAJ},
  year={2015},
  publisher={Harper}
}


@ARTICLE{protocol,
  title   = "{Modelling the evolution of organic carbon during its gas-phase
             tropospheric oxidation: development of an explicit model based on
             a self generating approach}",
  author  = "Aumont, B and Szopa, S and Madronich, S",
  journal = "Atmospheric Chemistry and Physics",
  volume  =  5,
  pages   = "2497--2517",
  year    =  2005,
  url     = "https://www.atmos-chem-phys.net/5/2497/2005/acp-5-2497-2005.pdf"
}


@MISC{newspaperrock,
  title        = "{Newspaper Rock}",
  booktitle    = "{Atlas Obscura}",
  author       = "{ugc}",
  publisher    = "Atlas Obscura",
  month        =  oct,
  year         =  2019,
  url          = "http://www.atlasobscura.com/places/newspaper-rock",
  howpublished = "\url{http://www.atlasobscura.com/places/newspaper-rock}",
 note         = "Accessed: 2019-12-9"
}

@article{epidim,
author = {Staples, Jeffrey and Nickerson, Deborah A. and Below, Jennifer E.},
title = {Utilizing Graph Theory to Select the Largest Set of Unrelated Individuals for Genetic Analysis},
journal = {Genetic Epidemiology},
volume = {37},
number = {2},
pages = {136-141},
keywords = {genome-wide association study, Bronâ€“Kerbosch, cryptic relatedness, bioinformatics, sample selection},
doi = {10.1002/gepi.21684},
url = {https://onlinelibrary.wiley.com/doi/abs/10.1002/gepi.21684},
eprint = {https://onlinelibrary.wiley.com/doi/pdf/10.1002/gepi.21684},
year = {2013}
}


@ARTICLE{netneuro,
  title    = "{Networks in cognitive science}",
  author   = "Baronchelli, Andrea and Ferrer-i-Cancho, Ramon and
              Pastor-Satorras, Romualdo and Chater, Nick and Christiansen,
              Morten H",
  journal  = "Trends in cognitive sciences",
  volume   =  17,
  number   =  7,
  pages    = "348--360",
  month    =  jul,
  year     =  2013,
  url      = "http://dx.doi.org/10.1016/j.tics.2013.04.010",
  language = "en",
  issn     = "1364-6613, 1879-307X",
  pmid     = "23726319",
  doi      = "10.1016/j.tics.2013.04.010"
}


@ARTICLE{defra1,
  title  = "{Evaluating the Performance of Air Quality Models}",
  author = "Dick Derwent,
Andrea Fraser,
John Abbott,
Mike Jenkin,
Paul Willis,
Tim Murrells",
issue="3",
  url    = "https://uk-air.defra.gov.uk/assets/documents/reports/cat05/1006241607_100608_MIP_Final_Version.pdf",
  year = 2010
}


@INPROCEEDINGS{prbank,
  title     = "{Secure Multiparty PageRank Algorithm for Collaborative Fraud
               Detection}",
  booktitle = "{Financial Cryptography and Data Security}",
  author    = "Sangers, Alex and van Heesch, Maran and Attema, Thomas and
               Veugen, Thijs and Wiggerman, Mark and Veldsink, Jan and Bloemen,
               Oscar and Worm, Dani{\"e}l",
  publisher = "Springer International Publishing",
  pages     = "605--623",
  year      =  2019,
  url       = "http://dx.doi.org/10.1007/978-3-030-32101-7_35",
  doi       = "10.1007/978-3-030-32101-7\_35"
}
