@Inbook{networkrouting,
author="Di Battista, Giuseppe
and Mariani, Federico
and Patrignani, Maurizio
and Pizzonia, Maurizio",
title="BGPlay: A System for Visualizing the Interdomain Routing Evolution",
bookTitle="Graph Drawing: 11th International Symposium, GD 2003 Perugia, Italy, September 21-24, 2003 Revised Papers",
year="2004",
publisher="Springer Berlin Heidelberg",
address="Berlin, Heidelberg",
pages="295--306",
isbn="978-3-540-24595-7",
doi="10.1007/978-3-540-24595-7_27",
url="http://dx.doi.org/10.1007/978-3-540-24595-7_27"
}

@Inbook{convexdrawingcplanar,
author="Nagamochi, Hiroshi
and Kuroya, Katsutoshi",
title="Convex Drawing for c-Planar Biconnected Clustered Graphs",
bookTitle="Graph Drawing: 11th International Symposium, GD 2003 Perugia, Italy, September 21-24, 2003 Revised Papers",
year="2004",
publisher="Springer Berlin Heidelberg",
address="Berlin, Heidelberg",
pages="369--380",
isbn="978-3-540-24595-7",
doi="10.1007/978-3-540-24595-7_34",
url="http://dx.doi.org/10.1007/978-3-540-24595-7_34"
}

@Inbook{noack,
author="Noack, Andreas",
title="An Energy Model for Visual Graph Clustering",
bookTitle="Graph Drawing: 11th International Symposium, GD 2003 Perugia, Italy, September 21-24, 2003 Revised Papers",
year="2004",
publisher="Springer Berlin Heidelberg",
address="Berlin, Heidelberg",
pages="425--436",
isbn="978-3-540-24595-7",
doi="10.1007/978-3-540-24595-7_40",
url="http://dx.doi.org/10.1007/978-3-540-24595-7_40"
}

@Inbook{nodeoverlap,
author="Dwyer, Tim
and Marriott, Kim
and Stuckey, Peter J.",
title="Fast Node Overlap Removal",
bookTitle="Graph Drawing: 13th International Symposium, GD 2005, Limerick, Ireland, September 12-14, 2005. Revised Papers",
year="2006",
publisher="Springer Berlin Heidelberg",
address="Berlin, Heidelberg",
pages="153--164",
isbn="978-3-540-31667-1",
doi="10.1007/11618058_15",
url="http://dx.doi.org/10.1007/11618058_15"
}

@Inbook{fdvsrandomcomparison,
author="Brandenburg, Franz J.
and Himsolt, Michael
and Rohrer, Christoph",
title="An experimental comparison of force-directed and randomized graph drawing algorithms",
bookTitle="Graph Drawing: Symposium on Graph Drawing, GD '95 Passau, Germany, September 20--22, 1995 Proceedings",
year="1996",
publisher="Springer Berlin Heidelberg",
address="Berlin, Heidelberg",
pages="76--87",
isbn="978-3-540-49351-8",
doi="10.1007/BFb0021792",
url="http://dx.doi.org/10.1007/BFb0021792"
}

@ARTICLE{IPSEPCOLA,
  title       = "{IPSEP-COLA}: an incremental procedure for separation
                 constraint layout of graphs",
  author      = "Dwyer, Tim and Koren, Yehuda and Marriott, Kim",
  affiliation = "Monash University, Australia. Tim.Dwyer@infotech.monash.edu.au",
  journal     = "IEEE Trans. Vis. Comput. Graph.",
  volume      =  12,
  number      =  5,
  pages       = "821--828",
  month       =  sep,
  year        =  2006,
  language    = "en"
}
@ARTICLE{noarredge, 
author={T. Dwyer and Y. Koren and K. Marriott}, 
journal={IEEE Transactions on Visualization and Computer Graphics}, 
title={Drawing directed graphs using quadratic programming}, 
year={2006}, 
volume={12}, 
number={4}, 
pages={536-548}, 
keywords={computational geometry;constraint handling;data visualisation;directed graphs;quadratic programming;constraint programming techniques;digraph;directed graph drawing;directed graph visualization;directional multidimensional scaling;force-directed placement algorithm;multivariate data;quadratic programming;undirected layout algorithm;Algorithm design and analysis;Application software;Multidimensional systems;Partitioning algorithms;Quadratic programming;Visualization;Directed graphs;force directed algorithms;graph drawing;hierarchy;majorization;quadratic programming.;Computer Graphics;Computer Simulation;Data Display;Databases, Factual;Image Interpretation, Computer-Assisted;Information Storage and Retrieval;Linear Models;User-Computer Interface}, 
doi={10.1109/TVCG.2006.67}, 
ISSN={1077-2626}, 
month={July},}

@ARTICLE{tvg, 
author={G. Kumar and M. Garland}, 
journal={IEEE Transactions on Visualization and Computer Graphics}, 
title={Visual Exploration of Complex Time-Varying Graphs}, 
year={2006}, 
volume={12}, 
number={5}, 
pages={805-812}, 
keywords={Algorithm design and analysis;Animation;Data mining;Data visualization;Filters;Heuristic algorithms;Information analysis;Layout;Stock markets;Tree graphs;Graph and network visualization;financial data visualization;hierarchy visualization;time series data}, 
doi={10.1109/TVCG.2006.193}, 
ISSN={1077-2626}, 
month={Sept}}

@inproceedings{inter,
 author = {Ryall, Kathy and Marks, Joe and Shieber, Stuart},
 title = {An Interactive Constraint-based System for Drawing Graphs},
 booktitle = {Proceedings of the 10th Annual ACM Symposium on User Interface Software and Technology},
 series = {UIST '97},
 year = {1997},
 isbn = {0-89791-881-9},
 location = {Banff, Alberta, Canada},
 pages = {97--104},
 numpages = {8},
 url = {http://doi.acm.org/10.1145/263407.263521},
 doi = {10.1145/263407.263521},
 acmid = {263521},
 publisher = {ACM},
 address = {New York, NY, USA},
 keywords = {collaborative interfaces, constraint-based layout, drawing tools, graph drawing}
} 


@article{ortho,
 author = {Di Battista, Giuseppe and Eades, Peter and Tamassia, Roberto and Tollis, Ioannis G.},
 title = {Algorithms for Drawing Graphs: An Annotated Bibliography},
 journal = {Comput. Geom. Theory Appl.},
 issue_date = {Oct. 1994},
 volume = {4},
 number = {5},
 month = oct,
 year = {1994},
 issn = {0925-7721},
 pages = {235--282},
 numpages = {48},
 url = {http://dx.doi.org/10.1016/0925-7721(94)00014-X},
 doi = {10.1016/0925-7721(94)00014-X},
 acmid = {195598},
 publisher = {Elsevier Science Publishers B. V.},
 address = {Amsterdam, The Netherlands, The Netherlands}
} 

@Inbook{lombardi,
author="Chernobelskiy, Roman
and Cunningham, Kathryn I.
and Goodrich, Michael T.
and Kobourov, Stephen G.
and Trott, Lowell",
title="Force-Directed Lombardi-Style Graph Drawing",
bookTitle="Graph Drawing: 19th International Symposium, GD 2011, Eindhoven, The Netherlands, September 21-23, 2011, Revised Selected Papers",
year="2012",
publisher="Springer Berlin Heidelberg",
address="Berlin, Heidelberg",
pages="320--331",
isbn="978-3-642-25878-7",
doi="10.1007/978-3-642-25878-7_31",
url="http://dx.doi.org/10.1007/978-3-642-25878-7_31"
}

@Inbook{bezier,
author="Goodrich, Michael T.
and Wagner, Christopher G.",
title="A Framework for Drawing Planar Graphs with Curves and Polylines",
bookTitle="Graph Drawing: 6th International Symposium, GD' 98 Montr{\'e}al, Canada, August 13--15, 1998 Proceedings",
year="1998",
publisher="Springer Berlin Heidelberg",
address="Berlin, Heidelberg",
pages="153--166",
isbn="978-3-540-37623-1",
doi="10.1007/3-540-37623-2_12",
url="http://dx.doi.org/10.1007/3-540-37623-2_12"
}


@article{nicelyanneal,
 author = {Davidson, Ron and Harel, David},
 title = {Drawing Graphs Nicely Using Simulated Annealing},
 journal = {ACM Trans. Graph.},
 issue_date = {Oct. 1996},
 volume = {15},
 number = {4},
 month = oct,
 year = {1996},
 issn = {0730-0301},
 pages = {301--331},
 numpages = {31},
 url = {http://doi.acm.org/10.1145/234535.234538},
 doi = {10.1145/234535.234538},
 acmid = {234538},
 publisher = {ACM},
 address = {New York, NY, USA},
 keywords = {aesthetics, graph drawing, simulated annealing}
} 

@article{metropolis,
   author = "Metropolis, Nicholas and Rosenbluth, Arianna W. and Rosenbluth, Marshall N. and Teller, Augusta H. and Teller, Edward",
   title = "Equation of State Calculations by Fast Computing Machines",
   journal = "The Journal of Chemical Physics",
   year = "1953",
   volume = "21",
   number = "6", 
   pages = "1087-1092",
   url = "http://scitation.aip.org/content/aip/journal/jcp/21/6/10.1063/1.1699114",
   doi = "http://dx.doi.org/10.1063/1.1699114" 
}

@article {kirkpatrick,
	author = {Kirkpatrick, S. and Gelatt, C. D. and Vecchi, M. P.},
	title = {Optimization by Simulated Annealing},
	volume = {220},
	number = {4598},
	pages = {671--680},
	year = {1983},
	doi = {10.1126/science.220.4598.671},
	publisher = {American Association for the Advancement of Science},
	abstract = {There is a deep and useful connection between statistical mechanics (the behavior of systems with many degrees of freedom in thermal equilibrium at a finite temperature) and multivariate or combinatorial optimization (finding the minimum of a given function depending on many parameters). A detailed analogy with annealing in solids provides a framework for optimization of the properties of very large and complex systems. This connection to statistical mechanics exposes new information and provides an unfamiliar perspective on traditional optimization problems and methods.},
	issn = {0036-8075},
	URL = {http://science.sciencemag.org/content/220/4598/671},
	eprint = {http://science.sciencemag.org/content/220/4598/671.full.pdf},
	journal = {Science}
}


@Inbook{ch1,
author="Kerren, Andreas
and Purchase, Helen C.
and Ward, Matthew O.",
title="Introduction to Multivariate Network Visualization",
bookTitle="Multivariate Network Visualization: Dagstuhl Seminar {\#}13201, Dagstuhl Castle, Germany, May 12-17, 2013, Revised Discussions",
year="2014",
publisher="Springer International Publishing",
address="Cham",
pages="1--9",
isbn="978-3-319-06793-3",
doi="10.1007/978-3-319-06793-3_1",
url="http://dx.doi.org/10.1007/978-3-319-06793-3_1"
}

@Inbook{ch2,
author="Diehl, Stephan
and Telea, Alexandru C.",
title="Multivariate Networks in Software Engineering",
bookTitle="Multivariate Network Visualization: Dagstuhl Seminar {\#}13201, Dagstuhl Castle, Germany, May 12-17, 2013, Revised Discussions",
year="2014",
publisher="Springer International Publishing",
address="Cham",
pages="13--36",
isbn="978-3-319-06793-3",
doi="10.1007/978-3-319-06793-3_2",
url="http://dx.doi.org/10.1007/978-3-319-06793-3_2"
}

@Inbook{ch3,
author="Muelder, Chris
and Gou, Liang
and Ma, Kwan-Liu
and Zhou, Michelle X.",
title="Multivariate Social Network Visual Analytics",
bookTitle="Multivariate Network Visualization: Dagstuhl Seminar {\#}13201, Dagstuhl Castle, Germany, May 12-17, 2013, Revised Discussions",
year="2014",
publisher="Springer International Publishing",
address="Cham",
pages="37--59",
isbn="978-3-319-06793-3",
doi="10.1007/978-3-319-06793-3_3",
url="http://dx.doi.org/10.1007/978-3-319-06793-3_3"
}

@Inbook{ch4,
author="Kohlbacher, Oliver
and Schreiber, Falk
and Ward, Matthew O.",
title="Multivariate Networks in the Life Sciences",
bookTitle="Multivariate Network Visualization: Dagstuhl Seminar {\#}13201, Dagstuhl Castle, Germany, May 12-17, 2013, Revised Discussions",
year="2014",
publisher="Springer International Publishing",
address="Cham",
pages="61--73",
isbn="978-3-319-06793-3",
doi="10.1007/978-3-319-06793-3_4",
url="http://dx.doi.org/10.1007/978-3-319-06793-3_4"
}



@Inbook{ch5,
author="Pretorius, A. Johannes
and Purchase, Helen C.
and Stasko, John T.",
title="Tasks for Multivariate Network Analysis",
bookTitle="Multivariate Network Visualization: Dagstuhl Seminar {\#}13201, Dagstuhl Castle, Germany, May 12-17, 2013, Revised Discussions",
year="2014",
publisher="Springer International Publishing",
address="Cham",
pages="77--95",
isbn="978-3-319-06793-3",
doi="10.1007/978-3-319-06793-3_5",
url="http://dx.doi.org/10.1007/978-3-319-06793-3_5"
}


@Inbook{ch6,
author="Wybrow, Michael
and Elmqvist, Niklas
and Fekete, Jean-Daniel
and von Landesberger, Tatiana
and van Wijk, Jarke J.
and Zimmer, Bj{\"o}rn",
title="Interaction in the Visualization of Multivariate Networks",
bookTitle="Multivariate Network Visualization: Dagstuhl Seminar {\#}13201, Dagstuhl Castle, Germany, May 12-17, 2013, Revised Discussions",
year="2014",
publisher="Springer International Publishing",
address="Cham",
pages="97--125",
isbn="978-3-319-06793-3",
doi="10.1007/978-3-319-06793-3_6",
url="http://dx.doi.org/10.1007/978-3-319-06793-3_6"
}


@Inbook{ch7,
author="Roberts, Jonathan C.
and Yang, Jing
and Kohlbacher, Oliver
and Ward, Matthew O.
and Zhou, Michelle X.",
title="Novel Visual Metaphors for Multivariate Networks",
bookTitle="Multivariate Network Visualization: Dagstuhl Seminar {\#}13201, Dagstuhl Castle, Germany, May 12-17, 2013, Revised Discussions",
year="2014",
publisher="Springer International Publishing",
address="Cham",
pages="127--150",
isbn="978-3-319-06793-3",
doi="10.1007/978-3-319-06793-3_7",
url="http://dx.doi.org/10.1007/978-3-319-06793-3_7"
}

@Inbook{ch8,
author="Archambault, Daniel
and Abello, James
and Kennedy, Jessie
and Kobourov, Stephen
and Ma, Kwan-Liu
and Miksch, Silvia
and Muelder, Chris
and Telea, Alexandru C.",
title="Temporal Multivariate Networks",
bookTitle="Multivariate Network Visualization: Dagstuhl Seminar {\#}13201, Dagstuhl Castle, Germany, May 12-17, 2013, Revised Discussions",
year="2014",
publisher="Springer International Publishing",
address="Cham",
pages="151--174",
isbn="978-3-319-06793-3",
doi="10.1007/978-3-319-06793-3_8",
url="http://dx.doi.org/10.1007/978-3-319-06793-3_8"
}

@Inbook{ch9,
author="Schreiber, Falk
and Kerren, Andreas
and B{\"o}rner, Katy
and Hagen, Hans
and Zeckzer, Dirk",
title="Heterogeneous Networks on Multiple Levels",
bookTitle="Multivariate Network Visualization: Dagstuhl Seminar {\#}13201, Dagstuhl Castle, Germany, May 12-17, 2013, Revised Discussions",
year="2014",
publisher="Springer International Publishing",
address="Cham",
pages="175--206",
isbn="978-3-319-06793-3",
doi="10.1007/978-3-319-06793-3_9",
url="http://dx.doi.org/10.1007/978-3-319-06793-3_9"
}

@Inbook{ch10,
author="Jankun-Kelly, T. J.
and Dwyer, Tim
and Holten, Danny
and Hurter, Christophe
and N{\"o}llenburg, Martin
and Weaver, Chris
and Xu, Kai",
title="Scalability Considerations for Multivariate Graph Visualization",
bookTitle="Multivariate Network Visualization: Dagstuhl Seminar {\#}13201, Dagstuhl Castle, Germany, May 12-17, 2013, Revised Discussions",
year="2014",
publisher="Springer International Publishing",
address="Cham",
pages="207--235",
isbn="978-3-319-06793-3",
doi="10.1007/978-3-319-06793-3_10",
url="http://dx.doi.org/10.1007/978-3-319-06793-3_10"
}


@article{metricgraphaesthetics,
title = "Metrics for Graph Drawing Aesthetics",
journal = "Journal of Visual Languages and Computing",
volume = "13",
number = "5",
pages = "501 - 516",
year = "2002",
note = "",
issn = "1045-926X",
doi = "http://dx.doi.org/10.1006/jvlc.2002.0232",
url = "http://www.sciencedirect.com/science/article/pii/S1045926X02902326",
author = "HELEN C. Purchase",
keywords = "Graph drawing, Aesthetics, Metrics"
}

@inproceedings {eyetrack,
booktitle = {Computational Aesthetics in Graphics, Visualization, and Imaging},
title = {{Comparing the Readability of Graph Layouts using Eyetracking and Task-oriented Analysis}},
author = {Pohl, Mathias and Schmitt, Markus and Diehl, Stephan},
year = {2009},
publisher = {The Eurographics Association},
ISSN = {1816-0859},
ISBN = {978-3-905674-17-0},
DOI = {10.2312/COMPAESTH/COMPAESTH09/049-056}
}


@Inbook{ch6graphredability,
author="Purchase, Helen C.
and Colpoys, Linda
and Carrington, David
and McGill, Matthew",
title="UML Class Diagrams: An Empirical Study of Comprehension",
bookTitle="Software Visualization: From Theory to Practice",
year="2003",
publisher="Springer US",
address="Boston, MA",
pages="149--178",
isbn="978-1-4615-0457-3",
doi="10.1007/978-1-4615-0457-3_6",
url="http://dx.doi.org/10.1007/978-1-4615-0457-3_6"
}

@Inbook{humanaesthetic,
author="Purchase, Helen",
title="Which aesthetic has the greatest effect on human understanding?",
bookTitle="Graph Drawing: 5th International Symposium, GD '97 Rome, Italy, September 18--20, 1997 Proceedings",
year="1997",
publisher="Springer Berlin Heidelberg",
address="Berlin, Heidelberg",
pages="248--261",
isbn="978-3-540-69674-2",
doi="10.1007/3-540-63938-1_67",
url="http://dx.doi.org/10.1007/3-540-63938-1_67"
}

@article{continuity,
 author = {Ware, Colin and Purchase, Helen and Colpoys, Linda and McGill, Matthew},
 title = {Cognitive Measurements of Graph Aesthetics},
 journal = {Information Visualization},
 issue_date = {June 2002},
 volume = {1},
 number = {2},
 month = jun,
 year = {2002},
 issn = {1473-8716},
 pages = {103--110},
 numpages = {8},
 url = {http://dx.doi.org/10.1057/palgrave.ivs.9500013},
 doi = {10.1057/palgrave.ivs.9500013},
 acmid = {942167},
 publisher = {Palgrave Macmillan},
 keywords = {aesthetics, cognitive modeling, graph layout, network visualization}
} 

@Inbook{pattern,
author="Dixon, Dan",
title="Analysis Tool or Research Methodology: Is There an Epistemology for Patterns?",
bookTitle="Understanding Digital Humanities",
year="2012",
publisher="Palgrave Macmillan UK",
address="London",
pages="191--209",
isbn="978-0-230-37193-4",
doi="10.1057/9780230371934_11",
url="http://dx.doi.org/10.1057/9780230371934_11"
}

@inproceedings {aestheticsgraphvis,
booktitle = {Computational Aesthetics in Graphics, Visualization, and Imaging},
title = {{The Aesthetics of Graph Visualization}},
author = {Bennett, Chris and Ryall, Jody and Spalteholz, Leo and Gooch, Amy},
year = {2007},
publisher = {The Eurographics Association},
ISSN = {1816-0859},
ISBN = {978-3-905673-43-2},
DOI = {10.2312/COMPAESTH/COMPAESTH07/057-064}
}

@book{emotional,
  title={Emotional Design: Why We Love (or Hate) Everyday Things},
  author={Norman, D.A.},
  isbn={9780465051366},
  lccn={2003010123},
  url={https://books.google.nl/books?id=h\_wAbnGlOC4C},
  year={2005},
  publisher={Basic Books}
}

@inproceedings{graphmetnew,
       booktitle = {Ninth International Conference on Information Visualisation, 06-08 July 2005, London, England: Proceedings},
           month = {October},
           title = {Applying Graphical Design Techniques to Graph Visualisation},
          author = {Martyn Taylor and Peter Rodgers},
       publisher = {IEEE Computer Society},
            year = {2005},
           pages = {651--656},
        keywords = {Graph Drawing},
             url = {http://kar.kent.ac.uk/14297/}
}

@inproceedings {fds,
booktitle = {Eurographics 2011 - Education Papers},
editor = {S. Maddock and J. Jorge},
title = {{The Five Design-Sheet (FdS) approach for Sketching Information Visualization Designs}},
author = {Roberts, Jonathan C.},
year = {2011},
publisher = {The Eurographics Association},
ISSN = {1017-4656},
DOI = {10.2312/EG2011/education/029-036}
}
@book{goodideas,
  title={Where Good Ideas Come From},
  author={Johnson, S.},
  isbn={9781101444207},
  url={https://books.google.co.uk/books?id=3H2Xg5qxz-8C},
  year={2010},
  publisher={Penguin Publishing Group}
}



@article{storytelling,
 author = {Gershon, Nahum and Page, Ward},
 title = {What Storytelling Can Do for Information Visualization},
 journal = {Commun. ACM},
 issue_date = {Aug. 2001},
 volume = {44},
 number = {8},
 year = {2001},
 issn = {0001-0782},
 pages = {31--37},
 numpages = {7},
 url = {http://doi.acm.org/10.1145/381641.381653},
 doi = {10.1145/381641.381653},
 acmid = {381653},
 publisher = {ACM},
 address = {New York, NY, USA}
} 

@incollection{ware,
title = "Chapter Two - The Environment, Optics, Resolution, and the Display ",
editor = "Ware, Colin ",
booktitle = "Information Visualization (Third Edition) ",
publisher = "Morgan Kaufmann",
edition = "Third Edition",
address = "Boston",
year = "2013",
pages = "31 - 68",
series = "Interactive Technologies",
isbn = "978-0-12-381464-7",
doi = "http://dx.doi.org/10.1016/B978-0-12-381464-7.00002-8",
url = "http://www.sciencedirect.com/science/article/pii/B9780123814647000028",
author = "Colin Ware"
}

@incollection{brightness,
title = "Chapter Three - Lightness, Brightness, Contrast, and Constancy ",
editor = "Ware, Colin ",
booktitle = "Information Visualization (Third Edition) ",
publisher = "Morgan Kaufmann",
edition = "Third Edition",
address = "Boston",
year = "2013",
pages = "69 - 94",
series = "Interactive Technologies",
isbn = "978-0-12-381464-7",
doi = "http://dx.doi.org/10.1016/B978-0-12-381464-7.00003-X",
url = "http://www.sciencedirect.com/science/article/pii/B978012381464700003X",
author = "Colin Ware"
}
@incollection{colour,
title = "Chapter Four - Color ",
editor = "Ware, Colin ",
booktitle = "Information Visualization (Third Edition) ",
publisher = "Morgan Kaufmann",
edition = "Third Edition",
address = "Boston",
year = "2013",
pages = "95 - 138",
series = "Interactive Technologies",
isbn = "978-0-12-381464-7",
doi = "http://dx.doi.org/10.1016/B978-0-12-381464-7.00004-1",
url = "http://www.sciencedirect.com/science/article/pii/B9780123814647000041",
author = "Colin Ware"
}

@article {compusergenerated,
	title = {A Comparison of User-Generated and Automatic Graph Layouts},
	journal = {IEEE Transactions on Visualization and Computer Graphics},
	volume = {15},
	number = {6},
	year = {2009},
	pages = {961{\textendash}968},
	publisher = {IEEE Educational Activities Department},
	address = {Piscataway, NJ, USA},
	issn = {1077-2626},
	doi = {http://dx.doi.org/10.1109/TVCG.2009.109},
	author = {Dwyer, Tim and Lee, Bongshin and Fisher, Danyel and Quinn, Kori Inkpen and Isenberg, Petra and Robertson, George and North, Chris}
}


@inproceedings{nons,
 author = {Friedrich, Carsten and Schreiber, Falk},
 title = {Flexible Layering in Hierarchical Drawings with Nodes of Arbitrary Size},
 booktitle = {Proceedings of the 27th Australasian Conference on Computer Science - Volume 26},
 series = {ACSC '04},
 year = {2004},
 location = {Dunedin, New Zealand},
 pages = {369--376},
 numpages = {8},
 url = {http://dl.acm.org/citation.cfm?id=979922.979966},
 acmid = {979966},
 publisher = {Australian Computer Society, Inc.},
 address = {Darlinghurst, Australia, Australia},
 keywords = {graph drawing, graph visualization, layering}
} 

@inproceedings{novern,
 author = {Lyons, Kelly A.},
 title = {Cluster Busting in Anchored Graph Drawing},
 booktitle = {Proceedings of the 1992 Conference of the Centre for Advanced Studies on Collaborative Research - Volume 1},
 series = {CASCON '92},
 year = {1992},
 location = {Toronto, Ontario, Canada},
 pages = {7--17},
 numpages = {11},
 url = {http://dl.acm.org/citation.cfm?id=962198.962200},
 acmid = {962200},
 publisher = {IBM Press}
} 



@article {bundle,
author = {Holten, Danny and Van Wijk, Jarke J.},
title = {Force-Directed Edge Bundling for Graph Visualization},
journal = {Computer Graphics Forum},
volume = {28},
number = {3},
publisher = {Blackwell Publishing Ltd},
issn = {1467-8659},
url = {http://dx.doi.org/10.1111/j.1467-8659.2009.01450.x},
doi = {10.1111/j.1467-8659.2009.01450.x},
pages = {983--990},
keywords = {I.3.3 [Computer Graphics]: Picture/Image Generation—Line and Curve Generation, I.3.5 [Computer Graphics]: Computational Geometry and Object Modeling—Physically Based Modeling},
year = {2009},
}

@book{softvis3,
 author = {Diehl, Stephan},
 title = {Software Visualization: Visualizing the Structure, Behaviour, and Evolution of Software},
 year = {2007},
 isbn = {3540465049},
 publisher = {Springer-Verlag New York, Inc.},
 address = {Secaucus, NJ, USA},
} 

@book{interaction1,
 author = {Shneiderman, Ben},
 title = {Designing the User Interface: Strategies for Effective Human-Computer Interaction},
 year = {1997},
 isbn = {0201694972},
 edition = {3rd},
 publisher = {Addison-Wesley Longman Publishing Co., Inc.},
 address = {Boston, MA, USA},
}


@Inbook{oneplace,
author="G{\"o}rg, Carsten
and Pohl, Mathias
and Qeli, Ermir
and Xu, Kai
and Ebert, Achim
and Meyer, J{\"o}rg",
title="Visual Representations",
bookTitle="Human-Centered Visualization Environments: GI-Dagstuhl Research Seminar, Dagstuhl Castle, Germany, March 5-8, 2006, Revised Lectures",
year="2007",
publisher="Springer Berlin Heidelberg",
address="Berlin, Heidelberg",
pages="163--230",
isbn="978-3-540-71949-6",
doi="10.1007/978-3-540-71949-6_4",
url="http://dx.doi.org/10.1007/978-3-540-71949-6_4"
}

@inproceedings{mantra,
 author = {Shneiderman, Ben},
 title = {The Eyes Have It: A Task by Data Type Taxonomy for Information Visualizations},
 booktitle = {Proceedings of the 1996 IEEE Symposium on Visual Languages},
 series = {VL '96},
 year = {1996},
 isbn = {0-8186-7508-X},
 pages = {336--},
 url = {http://dl.acm.org/citation.cfm?id=832277.834354},
 acmid = {834354},
 publisher = {IEEE Computer Society},
 address = {Washington, DC, USA},
 keywords = {visualization, information visualization, graphical user interfaces},
} 

@inproceedings{eades,
  title={A Heuristic for Graph Drawing},
  author={Peter Eades},
  booktitle={proceedings},
  year={1984}
}




@article{raingold,
author = {Fruchterman, Thomas M. J. and Reingold, Edward M.},
title = {Graph drawing by force-directed placement},
journal = {Software: Practice and Experience},
volume = {21},
number = {11},
pages = {1129-1164},
keywords = {Graph drawing, Force-directed placement, Multi-level techniques, Simulated annealing},
doi = {10.1002/spe.4380211102},
url = {https://onlinelibrary.wiley.com/doi/abs/10.1002/spe.4380211102},
eprint = {https://onlinelibrary.wiley.com/doi/pdf/10.1002/spe.4380211102},
year = {1991}
}


@MISC{memory,
  title        = "{Memory Underground - Convert Your Memories Into A Subway Map
                  - Home}",
  url          = "http://memoryunderground.com/",
  howpublished = "\url{http://memoryunderground.com/}",
  note         = "Accessed: 2019-12-12",
  author = {Brian Foo},
  year = {2019}
}

@book{projections,
  title={Conformal Projections in geodesy and cartography},
  author={Thomas, P.D.},
  series={Special publication},
  url={https://books.google.co.uk/books?id=7a60MQEACAAJ},
  year={1952},
  publisher={Coast and Geodetic Survey}
}


@ARTICLE{mercgraph,
  title         = "{Mercator: uncovering faithful hyperbolic embeddings of complex networks}",
  author        = "Garc{\'\i}a-P{\'e}rez, Guillermo and Allard, Antoine and {\'A}ngeles Serrano, M and Bogu{\~n}{\'a}, Mari{\'a}n",
  month         =  apr,
  year          =  2019,
  url           = "http://arxiv.org/abs/1904.10814",
  archivePrefix = "arXiv",
  eprint        = "1904.10814",
  primaryClass  = "physics.soc-ph",
  arxivid       = "1904.10814",
  journal={arxiv}
}


@ARTICLE{fa,
  title   = "{ForceAtlas2, a continuous graph layout algorithm for handy network
             visualization designed for the Gephi software}",
  author  = "Jacomy, Mathieu and Venturini, Tommaso and Heymann, Sebastien and
             Bastian, Mathieu",
  journal = "PloS one",
  volume  =  9,
  number  =  6,
  pages   = "e98679",
  month   =  jun,
  year    =  2014,
  url     = "http://dx.doi.org/10.1371/journal.pone.0098679",
  issn    = "1932-6203",
  pmid    = "24914678",
  doi     = "10.1371/journal.pone.0098679",
  pmc     = "PMC4051631"
}


@ARTICLE{yh,
  title  = "{Efficient, High-Quality Force-Directed Graph Drawing}",
  author = "Hu, Yifan",
  journal={web},
  year={2004},
  url    = {"http://yifanhu.net/PUB/graph_draw.pdf"}
}



@ARTICLE{t2gcn,
  title         = "{Predict then Propagate: Graph Neural Networks meet
                   Personalized PageRank}",
  author        = "Klicpera, Johannes and Bojchevski, Aleksandar and
                   G{\"u}nnemann, Stephan",
  month         =  oct,
  year          =  2018,
  url           = "http://arxiv.org/abs/1810.05997",
  archivePrefix = "arXiv",
  eprint        = "1810.05997",
  primaryClass  = "cs.LG",
  arxivid       = "1810.05997",
  journal = "Arxiv"
}

  @article{bigdatamine,
 author = {Fan, Wei and Bifet, Albert},
 title = {Mining Big Data: Current Status, and Forecast to the Future},
 year = {2013},
 issue_date = {April 2013},
 publisher = {Association for Computing Machinery},
 address = {New York, NY, USA},
 volume = {14},
 number = {2},
 issn = {1931-0145},
 url = {https://doi.org/10.1145/2481244.2481246},
 doi = {10.1145/2481244.2481246},
 journal = {SIGKDD Explor. Newsl.},
 month = apr,
 pages = {1–5},
 numpages = {5}
}

@TechReport{bigdataorigin,
  author={Francis X. Diebold},
  title={A Personal Perspective on the Origin(s) and Development of Big Data: The Phenomenon, the Term, and the Discipline, Second Version},
  year=2012,
  month=Aug,
  institution={Penn Institute for Economic Research, Department of Economics, University of Pennsylvania},
  type={PIER Working Paper Archive},
  url={https://ideas.repec.org/p/pen/papers/13-003.html},
  number={13-003}
}


@ARTICLE{slidedeck,
  title  = "{Big Data And The Next Wave of InfraStress }",
  author = "John Mashey ",
  url    = "\url{https://static.usenix.org/event/usenix99/invited_talks/mashey.pdf}",
  year=1998
}


@MISC{webstats,
  title        = "{Total number of Websites - Internet Live Stats}",
  url          = "https://www.internetlivestats.com/total-number-of-websites/",
  howpublished = "\url{https://www.internetlivestats.com/total-number-of-websites/}",
  note         = "Accessed: 2020-1-3",
  year = 2020,
  author= "InternetLiveStats"
}


@MISC{mcmhist,
  title        = "{History of the Master Chemical Mechanism (MCM) and its development protocols}",
  howpublished = "slide deck",
  note         = "Presentation for the EPSR group, Imperial Collage",
  year = 2002,
  author= "Mike Jenkins"
}

@book{kirk,
  title={Data Visualisation: A Handbook for Data Driven Design},
  author={Kirk, A.},
  isbn={9781473966314},
  url={https://books.google.co.uk/books?id=wNpsDAAAQBAJ},
  year={2016},
  publisher={SAGE Publications}
}


@article{socialorigin,
author = {John Scott},
title ={Social Network Analysis},
journal = {Sociology},
volume = {22},
number = {1},
pages = {109-127},
year = {1988},
doi = {10.1177/0038038588022001007},

URL = { 
        https://doi.org/10.1177/0038038588022001007
    
},
eprint = { 
        https://doi.org/10.1177/0038038588022001007
    
}
}


@INPROCEEDINGS{chord,
author={A. {Jalali}},
booktitle={2016 IEEE Tenth International Conference on Research Challenges in Information Science (RCIS)},
title={Reflections on the use of chord diagrams in social network visualization in process mining},
year={2016},
pages={1-6},
keywords={business data processing;data mining;data visualisation;social networking (online);social network visualization;process mining;chord diagrams;data-driven information;business process management;BPM;social network pattern discovery;Social network services;Data visualization;Business;Measurement;Visualization;Unified modeling language;Handover;Business Process;Visualization;Social Network;Chord Diagram;Process Mining},
doi={10.1109/RCIS.2016.7549281},
ISSN={2151-1357},
month={June}
}



@INPROCEEDINGS{arc,
author={M. {Wattenberg}},
booktitle={IEEE Symposium on Information Visualization, 2002. INFOVIS 2002.},
title={Arc diagrams: visualizing structure in strings},
year={2002},
pages={110-116},
keywords={data visualisation;arc diagrams;structure visualization;string data;compiled code;Data visualization;DNA;Chaos;Performance analysis;Displays;Histograms;Frequency;Image sequence analysis;Autocorrelation;Pixel},
doi={10.1109/INFVIS.2002.1173155},
ISSN={1522-404X},
month={Oct}}


@ARTICLE{borneopaper,
  title     = "{OH reactivity in a South East Asian tropical rainforest during
               the Oxidant and Particle Photochemical Processes (OP3) project}",
  author    = "Edwards, P M and Evans, M J and Furneaux, K L and Hopkins, J and
               Ingham, T and Jones, C and Lee, J D and Lewis, A C and Moller, S
               J and Stone, D and Whalley, L K and Heard, D E",
  journal   = "Atmospheric Chemistry and Physics",
  publisher = "Copernicus GmbH",
  volume    =  13,
  number    =  18,
  pages     = "9497--9514",
  month     =  sep,
  year      =  2013,
  url       = "https://www.atmos-chem-phys.net/13/9497/2013/",
  language  = "en",
  issn      = "1680-7316",
  doi       = "10.5194/acp-13-9497-2013"
}

@article{lewis97,
title = "In situ, gas chromatographic measurements of non-methane hydrocarbons and dimethyl sulfide at a remote coastal location (Mace Head, Eire) July-August 1996",
keywords = "VOLATILE ORGANIC-COMPOUNDS, OXIDATION-PRODUCTS, MASS-SPECTROMETRY, NONMETHANE HYDROCARBONS, ATMOSPHERIC OXIDATION, SULFUR, ISOPRENE, FOREST, TROPOSPHERE, ATLANTIC",
author = "Lewis, {A C} and Bartle, {K D} and Heard, {D E} and McQuaid, {J B} and Pilling, {M J} and Seakins, {P W}",
year = "1997",
month = "8",
day = "21",
language = "English",
volume = "93",
pages = "2921--2927",
journal = "JOURNAL OF THE CHEMICAL SOCIETY-FARADAY TRANSACTIONS",
issn = "0956-5000",
publisher = "Royal Society of Chemistry",
number = "16"
}


@article{dunmore,
title = "Diesel-related hydrocarbons can dominate gas phase reactive carbon in megacities",
author = "Dunmore, {R. E.} and Hopkins, {J. R.} and Lidster, {R. T.} and Lee, {J. D.} and Evans, {M. J.} and Rickard, {A. R.} and Lewis, {A. C.} and Hamilton, {J. F.}",
year = "2015",
month = "9",
day = "7",
doi = "10.5194/acp-15-9983-2015",
language = "English",
volume = "15",
pages = "9983--9996",
journal = "Atmospheric Chemistry and Physics",
issn = "1680-7316",
publisher = "Copernicus Publications",
number = "17"
}

@incollection{pans,
title = "TROPOSPHERIC CHEMISTRY AND COMPOSITION | Peroxyacetyl Nitrate",
editor = "Gerald R. North and John Pyle and Fuqing Zhang",
booktitle = "Encyclopedia of Atmospheric Sciences (Second Edition)",
publisher = "Academic Press",
edition = "Second Edition",
address = "Oxford",
pages = "251 - 254",
year = "2015",
isbn = "978-0-12-382225-3",
doi = "https://doi.org/10.1016/B978-0-12-382225-3.00433-3",
url = "http://www.sciencedirect.com/science/article/pii/B9780123822253004333",
author = "H.B. Singh"
}


@article{edgeprune,
  title = {Unwinding the hairball graph: Pruning algorithms for weighted complex networks},
  author = {Dianati, Navid},
  journal = {Phys. Rev. E},
  volume = {93},
  issue = {1},
  pages = {012304},
  numpages = {8},
  year = {2016},
  month = {Jan},
  publisher = {American Physical Society},
  doi = {10.1103/PhysRevE.93.012304},
  url = {https://link.aps.org/doi/10.1103/PhysRevE.93.012304}
}

@ARTICLE{vislarge,
author={K. {Ma} and C. W. {Muelder}},
journal={Computer},
title={Large-Scale Graph Visualization and Analytics},
year={2013},
volume={46},
number={7},
pages={39-46},
doi={10.1109/MC.2013.242},
ISSN={1558-0814},
month={July},}

@book{beziermath,
  title={Encyclopaedia of Mathematics: Supplement},
  author={Hazewinkel, M.},
  number={v. 1},
  isbn={9780792347095},
  lccn={87026437},
  series={Encyclopaedia of Mathematics},
  url={https://books.google.co.uk/books?id=3ndQH4mTzWQC},
  year={1997},
  publisher={Springer Netherlands}
}

@book{beziercomputer,
  title={Mathematics for Computer Graphics Applications},
  author={Mortenson, M.E.},
  isbn={9780831131111},
  lccn={99010096},
  url={https://books.google.co.uk/books?id=YmQy799flPkC},
  year={1999},
  publisher={Industrial Press}
}
