@book{archaic,
  title={Archaic Bookkeeping: Early Writing and Techniques of Economic Administration in the Ancient Near East},
  author={Nissen, H.J. and Damerow, P. and Englund, R.K. and Englund, R.K. and Larsen, P. and Larsen, R.K.},
  isbn={9780226586595},
  lccn={lc93000909},
  url={https://books.google.co.uk/books?id=YBAzXV4YtQ8C},
  year={1993},
  publisher={University of Chicago Press}
}
@book{beforeCuneiform,
  title={Before Writing, Vol. I: From Counting to Cuneiform},
  author={Schmandt-Besserat, D.},
  isbn={9780292707832},
  lccn={lc90023615},
  series={Before Writing},
  url={https://books.google.co.uk/books?id=\_G74dDQO8gUC},
  year={1992},
  publisher={University of Texas Press}
}

@book{modelingpythonbees,
  title={Modeling Creativity: Case Studies in Python},
  author={De Smedt, T.},
  isbn={9789057182600},
  series={Proefschriften UA-LW : taalkunde},
  url={https://books.google.co.uk/books?id=Bp7KwpmFBzoC},
  year={2013},
  publisher={Universiteit Antwerpen, Faculteit Letteren en Wijsbegeerte, Departement Taalkunde}
}

@book{genomics,
  title={Advances in Genomics and Epigenomics of Social Insects},
  author={Hunt, G.J. and Gadau, J.R.},
  isbn={9782889450800},
  series={Frontiers Research Topics},
  url={https://books.google.co.uk/books?id=lvItDwAAQBAJ},
  year={2017},
  publisher={Frontiers Media SA}
}

@book{birds,
  title={The Genius of Birds: The Intelligent Life of Birds},
  author={Ackerman, J.},
  isbn={9781472114372},
  url={https://books.google.co.uk/books?id=3z\_sCgAAQBAJ},
  year={2016},
  publisher={Little, Brown Book Group}
}


@ARTICLE{cave,
  title     = "{Rock Art, Burials, and Habitations: Caves in East Kalimantan}",
  author    = "-M. Chazine, J",
  journal   = "Asian Perspectives",
  publisher = "University of Hawai'i Press",
  volume    =  44,
  number    =  1,
  pages     = "219--230",
  year      =  2005,
  url       = "https://muse.jhu.edu/article/185391",
  issn      = "1535-8283",
  doi       = "10.1353/asi.2005.0006"
}


@MISC{birdsongs,
  title        = "{The Development of Birdsong | Learn Science at Scitable}",
  url          = "https://www.nature.com/scitable/knowledge/library/the-development-of-birdsong-16133266",
  howpublished = "\url{https://www.nature.com/scitable/knowledge/library/the-development-of-birdsong-16133266}",
  author={Haruka Wada},
  publisher={Nature Education Knowledge},
  year={2010},
  note         = "Accessed: 2019-5-17"
}

@Inbook{gossip,
author="Dunbar, R. I. M.",
editor="Schmitt, Alain
and Atzwanger, Klaus
and Grammer, Karl
and Sch{\"a}fer, Katrin",
title="Groups, Gossip, and the Evolution of Language",
bookTitle="New Aspects of Human Ethology",
year="1997",
publisher="Springer US",
address="Boston, MA",
pages="77--89",
isbn="978-0-585-34289-4",
doi="10.1007/978-0-585-34289-4_5",
url="https://doi.org/10.1007/978-0-585-34289-4_5"
}

@article{neo,
 ISSN = {00113204, 15375382},
 URL = {http://www.jstor.org/stable/2743982},
 author = {Leslie C. Aiello and R. I. M. Dunbar},
 journal = {Current Anthropology},
 number = {2},
 pages = {184--193},
 publisher = {[University of Chicago Press, Wenner-Gren Foundation for Anthropological Research]},
 title = {Neocortex Size, Group Size, and the Evolution of Language},
 volume = {34},
 year = {1993}
}


@ARTICLE{social,
  title    = "{Social network size in humans}",
  author   = "Hill, R A and Dunbar, R I M",
  journal  = "Human nature",
  volume   =  14,
  number   =  1,
  pages    = "53--72",
  month    =  mar,
  year     =  2003,
  url      = "http://dx.doi.org/10.1007/s12110-003-1016-y",
  keywords = "Frequency of contact; Group size; Humans; Neocortex size; Social
              networks",
  language = "en",
  issn     = "1045-6767",
  pmid     = "26189988",
  doi      = "10.1007/s12110-003-1016-y"
}


@MISC{tablet,
  title        = "{tablet}",
  booktitle    = "{British Museum}",
  author = "British-Museum",
  year="BC",
  url          = "\url{https://www.britishmuseum.org/research/collection_online/collection_object_details.aspx?objectId=1547654&partId=1&searchText=tablet&from=bc&fromDate=4444&to=bc&toDate=3000&page=1}",
  howpublished = "\url{https://www.britishmuseum.org/research/collection_online/collection_object_details.aspx?objectId=1547654&partId=1&searchText=tablet&from=bc&fromDate=4444&to=bc&toDate=3000&page=1}",
  note         = "Accessed: 2019-5-28"
}


@MISC{cavepic,
  title        = "{Horses Panel, Chauvet Cave}",
  author       = "Schroth, Christian",
  url          = "https://www.facebook.com/AncientEnthusiast/photos/a.849792428414625/2618224274904756/?type=3&theater",
  howpublished = "\url{https://www.facebook.com/AncientEnthusiast/photos/a.849792428414625/2618224274904756/?type=3&theater}",
  note         = "Accessed: 2019-10-2",
  year = 2019
}


@ARTICLE{marsstory,
  title     = "{Storytelling and science}",
  author    = "Martin, K and Miller, E",
  journal   = "Language Arts",
  publisher = "JSTOR",
  year      =  1988,
  url       = "https://www.jstor.org/stable/41411379"
}

@book{storyanimal,
  title={The Storytelling Animal: How Stories Make Us Human},
  author={Gottschall, J.},
  isbn={9780547391403},
  lccn={2011042372},
  url={https://books.google.co.uk/books?id=Gd3lT5yP3ZQC},
  year={2012},
  publisher={Houghton Mifflin Harcourt}
}


@ARTICLE{nonscientific,
  title    = "{Using narratives and storytelling to communicate science with
              nonexpert audiences}",
  author   = "Dahlstrom, Michael F",
  journal  = "Proceedings of the National Academy of Sciences of the United
              States of America",
  volume   = "111 Suppl 4",
  pages    = "13614--13620",
  month    =  sep,
  year     =  2014,
  url      = "http://dx.doi.org/10.1073/pnas.1320645111",
  keywords = "ethics; persuasion",
  language = "en",
  issn     = "0027-8424, 1091-6490",
  pmid     = "25225368",
  doi      = "10.1073/pnas.1320645111",
  pmc      = "PMC4183170"
}


@book{wingedhorse,
  title={Descartes: Meditations on First Philosophy: With Selections from the Objections and Replies},
  author={Descartes, R. and Cottingham, J. and Williams, B.},
  isbn={9780521558181},
  lccn={86012898},
  series={Cambridge Texts in the History of Philosophy},
  url={https://books.google.co.uk/books?id=yMwiTTpwasgC},
  year={1996},
  publisher={Cambridge University Press}
}

@article{shapinginfo,
 author = {Ziemkiewicz, Caroline and Kosara, Robert},
 title = {The Shaping of Information by Visual Metaphors},
 journal = {IEEE Transactions on Visualization and Computer Graphics},
 issue_date = {November 2008},
 volume = {14},
 number = {6},
 month = nov,
 year = {2008},
 issn = {1077-2626},
 pages = {1269--1276},
 numpages = {8},
 url = {http://dx.doi.org/10.1109/TVCG.2008.171},
 doi = {10.1109/TVCG.2008.171},
 acmid = {1477423},
 publisher = {IEEE Educational Activities Department},
 address = {Piscataway, NJ, USA},
 keywords = {Cognition, Cognition, visualization theory, metaphors, hierarchies, evaluation, Index Terms\&\#8212, evaluation, hierarchies, metaphors, visualization theory},
} 

@book{dream,
  title={The Interpretation Of Dreams},
  author={Freud, S. and Cronin, A.J.},
  isbn={9781446547410},
  url={https://books.google.co.uk/books?id=U0t8CgAAQBAJ},
  year={2013},
  publisher={Read Books Limited}
}


@MISC{beck,
  title        = "{London Icon: A History of Harry Beck's Iconic Tube Map}",
  booktitle    = "{Londontopia}",
  author       = "Henry Beck",
  month        =  apr,
  year         =  2017,
  url          = "https://londontopia.net/site-news/featured/london-icon-tube-map/",
  howpublished = "\url{https://londontopia.net/site-news/featured/london-icon-tube-map/}",
  note         = "Accessed: 2019-10-6"
}


@MISC{circ,
  title        = "{Alternative Tube Maps: Circles Within Circles}",
  booktitle    = "{Londonist}",
  author       = "Jonathan Fisher",
  month        =  jan,
  year         =  2013,
  url          = "https://londonist.com/2013/01/alternative-tube-maps-circles-within-circles",
  howpublished = "\url{https://londonist.com/2013/01/alternative-tube-maps-circles-within-circles}",
  note         = "Accessed: 2019-10-6"
}


@MISC{nightingale,
  title        = "{Notes on Matters Affecting
                  the Health, Efficiency and Hospital Administration of the
                  British Army 1820-1910}",
  url          = "https://www.rct.uk/collection/1075240/notes-on-matters-affecting-the-health-efficiency-and-hospital-administration-of",
  howpublished = "\url{https://www.rct.uk/collection/1075240/notes-on-matters-affecting-the-health-efficiency-and-hospital-administration-of}",
  author="Florence Nightingale",
  year = "1820",
  note         = "Accessed: 2019-10-10"
}



@MISC{mol3d,
  title        = "{MolView}",
  booktitle    = "{MolView}",
  author       = "Herman Bergwerf",
  year = "2019",
  url          = "http://molview.org/",
  howpublished = "\url{http://molview.org/}",
  note         = "Accessed: 2019-10-10"
}


@ARTICLE{eyestory,
  title    = "{Visual routines are associated with specific graph
              interpretations}",
  author   = "Michal, Audrey L and Franconeri, Steven L",
  journal  = "Cognitive research: principles and implications",
  volume   =  2,
  number   =  1,
  pages    = "20",
  month    =  mar,
  year     =  2017,
  url      = "http://dx.doi.org/10.1186/s41235-017-0059-2",
  keywords = "Embodied cognition; Graph comprehension; Relations; STEM
              learning; Visual routines",
  language = "en",
  issn     = "2365-7464",
  pmid     = "28367500",
  doi      = "10.1186/s41235-017-0059-2",
  pmc      = "PMC5357663"
}


@ARTICLE{tephi,
  title = "{Tephigram.pdf}",
  url   = "http://www.met.reading.ac.uk/~sgs02rpa/TEACHING/Tephigram.pdf",
  author="Ian Brooks",
  year="2019"
}



@ARTICLE{conscat,
  title    = "{Driving Safety, in Fits and Starts}",
  journal  = "The New York Times",
  month    =  sep,
  year     =  2012,
  author="Hannah Fairfield",
  url      = "https://www.nytimes.com/interactive/2012/09/17/science/driving-safety-in-fits-and-starts.html",
  issn     = "0362-4331"
}


@ARTICLE{defconscat,
  title    = "{The Connected Scatterplot for Presenting Paired Time Series}",
  author   = "Haroz, Steve and Kosara, Robert and Franconeri, Steven L",
  journal  = "IEEE transactions on visualization and computer graphics",
  volume   =  22,
  number   =  9,
  pages    = "2174--2186",
  month    =  sep,
  year     =  2016,
  url      = "http://dx.doi.org/10.1109/TVCG.2015.2502587",
  language = "en",
  issn     = "1077-2626, 1941-0506",
  pmid     = "26600062",
  doi      = "10.1109/TVCG.2015.2502587"
}


@MISC{mapbox,
  title        = "{Editing Generating a logo with MapBox GL and Python.}",
  booktitle    = "{Medium}",
  author       = "Ellis, Daniel",
  publisher    = "Towards Data Science",
  month        =  nov,
  year         =  2019,
  url          = "https://towardsdatascience.com/generating-a-logo-with-mapbox-gl-and-python-2c44a357f462",
  howpublished = "\url{https://towardsdatascience.com/generating-a-logo-with-mapbox-gl-and-python-2c44a357f462}",
  note         = "Accessed: 2019-11-7"
}


@MISC{adj,
  title        = "{Les Mis{\'e}rables Co-occurrence}",
  author       = "Bostock, Mike",
  url          = "https://bost.ocks.org/mike/miserables/",
  howpublished = "\url{https://bost.ocks.org/mike/miserables/}",
  note         = "Accessed: 2019-12-4",
  year=2019
}


@MISC{lesmis,
  title        = "{Knuth: The Stanford GraphBase}",
  author = "Donald Knuth",
  url          = "https://www-cs-faculty.stanford.edu/~knuth/sgb.html",
  howpublished = "\url{https://www-cs-faculty.stanford.edu/~knuth/sgb.html}",
  note         = "Accessed: 2019-12-4",
  year="2019"
}


@INPROCEEDINGS{nodetrix,
  title     = "{NodeTrix-Multiplex: Visual Analytics of Multiplex Small World
               Networks}",
  booktitle = "{Complex Networks \& Their Applications V}",
  author    = "Agarwal, Shivam and Tomar, Amit and Sreevalsan-Nair, Jaya",
  publisher = "Springer International Publishing",
  pages     = "579--591",
  year      =  2017,
  url       = "http://dx.doi.org/10.1007/978-3-319-50901-3_46",
  doi       = "10.1007/978-3-319-50901-3\_46"
}


@ARTICLE{butane,
  title    = "{The tropospheric degradation of volatile organic compounds: a
              protocol for mechanism development}",
  author   = "Jenkin, Michael E and Saunders, Sandra M and Pilling, Michael J",
  journal  = "Atmospheric environment",
  volume   =  31,
  number   =  1,
  pages    = "81--104",
  month    =  jan,
  year     =  1997,
  url      = "http://www.sciencedirect.com/science/article/pii/S1352231096001057",
  keywords = "VOC oxidation; tropospheric chemistry; secondary pollutants;
              oxidants; ozone; free radical reactions; mechanisms; modelling",
  issn     = "0004-6981, 1352-2310",
  doi      = "10.1016/S1352-2310(96)00105-7"
}



@MISC{vt,
  title        = "{Visual Thinking Lab}",
  author = "{VTL}",
  url          = "http://visualthinking.psych.northwestern.edu/",
  
  year={2019},
  howpublished = "\url{http://visualthinking.psych.northwestern.edu/}",
  note         = "Accessed: 2019-12-15"
}


@MISC{OpenVis,
  author     = "{Steven Franconeri}",
  title    = "{OpenVis Conference Proceedings}",
  publisher = "Youtube",
  month     =  aug,
  year      =  2018,
  url       = "https://www.youtube.com/watch?v=Jq2Rc0WlYTE"
}



@MISC{d3annotate,
  title        = "{d3-annotate}",
  author       = "Lu, Susie",
  url          = "https://d3-annotation.susielu.com/",
  howpublished = "\url{https://d3-annotation.susielu.com/}",
  note         = "Accessed: 2019-12-16",
  year = "2019"
}



@MISC{worldmap,
  title        = "{Connected World: Untangling the Air Traffic Network}",
  author    = "{Martin Grandjean}",
  url          = "http://www.martingrandjean.ch/connected-world-air-traffic-network/",
  howpublished = "\url{http://www.martingrandjean.ch/connected-world-air-traffic-network/}",
  note         = "Accessed: 2019-12-16",
  year=2016
}

@article{frmd, 
title={wolfiex/FRMD: 2016},
 doi={10.5281/zenodo.3586009},
  abstractNote={Force Directed Representation of Multivariate Data},
   publisher={Zenodo},
    author={Dan Ellis}, 
    year={2016}
    }


  @article{sketchy,
 author = {Sangkloy, Patsorn and Burnell, Nathan and Ham, Cusuh and Hays, James},
 title = {The Sketchy Database: Learning to Retrieve Badly Drawn Bunnies},
 year = {2016},
 issue_date = {July 2016},
 publisher = {Association for Computing Machinery},
 address = {New York, NY, USA},
 volume = {35},
 number = {4},
 issn = {0730-0301},
 url = {https://doi.org/10.1145/2897824.2925954},
 doi = {10.1145/2897824.2925954},
 journal = {ACM Trans. Graph.},
 month = jul,
 articleno = {Article 119},
 numpages = {12}
}


@MISC{truthandbeauty,
  title        = "{Truth \& Beauty - Multiplicity}",
  url          = "https://truth-and-beauty.net/projects/multiplicity",
  howpublished = "\url{https://truth-and-beauty.net/projects/multiplicity}",
  note         = "Accessed: 2020-1-2",
  year=2020,
  author= "Moritz Stefaner"
}

@article{scikit-learn,
 title={Scikit-learn: Machine Learning in {P}ython},
 author={Pedregosa, F. and Varoquaux, G. and Gramfort, A. and Michel, V.
         and Thirion, B. and Grisel, O. and Blondel, M. and Prettenhofer, P.
         and Weiss, R. and Dubourg, V. and Vanderplas, J. and Passos, A. and
         Cournapeau, D. and Brucher, M. and Perrot, M. and Duchesnay, E.},
 journal={Journal of Machine Learning Research},
 volume={12},
 pages={2825--2830},
 year={2011}
}

@book{tufte,
  title={The visual display of quantitative information},
  author={Tufte, E.R.},
  number={v. 914},
  lccn={83156861},
  series={The Visual Display of Quantitative Information},
  url={https://books.google.co.uk/books?id=tWpHAAAAMAAJ},
  year={1983},
  publisher={Graphics Press}
}



@MISC{sciamerican,
  title        = "{How Science Visualization Can Help Save the World}",
  booktitle    = "{Scientific American Blog Network}",
  author       = "Monta{\~n}ez, Amanda",
  url          = "https://blogs.scientificamerican.com/sa-visual/how-science-visualization-can-help-save-the-world/",
  howpublished = "\url{https://blogs.scientificamerican.com/sa-visual/how-science-visualization-can-help-save-the-world/}",
  year=2016,
  note         = "Accessed: 2020-1-4"
}

@article{neurone,
title = "Voronoi tessellation to study the numerical density and the spatial distribution of neurones",
journal = "Journal of Chemical Neuroanatomy",
volume = "20",
number = "1",
pages = "83 - 92",
year = "2000",
issn = "0891-0618",
doi = "https://doi.org/10.1016/S0891-0618(00)00064-8",
url = "http://www.sciencedirect.com/science/article/pii/S0891061800000648",
author = "Charles Duyckaerts and Gilles Godefroy"
}


@Article{Over2006,
author="Over, Eelco A. B.
and Hooge, Ignace T. C.
and Erkelens, Casper J.",
title="A quantitative measure for the uniformity of fixation density: The Voronoi method",
journal="Behavior Research Methods",
year="2006",
month="May",
day="01",
volume="38",
number="2",
pages="251--261",
issn="1554-3528",
doi="10.3758/BF03192777",
url="https://doi.org/10.3758/BF03192777"
}

@misc{confluient19,
    title={On Strict (Outer-)Confluent Graphs},
    author={Henry Förster and Robert Ganian and Fabian Klute and Martin Nöllenburg},
    year={2019},
    eprint={1908.05345},
    journal={arXiv},
    primaryClass={cs.CG}
}


@MISC{confpic,
  title        = "{Confluent Graphs}",
  url          = "https://aviz.fr/~bbach/confluentgraphs/",
  howpublished = "\url{https://aviz.fr/~bbach/confluentgraphs/}",
  author = "Benjamin Bach",
  year = 2020,
  note         = "Accessed: 2020-1-9"
}

@ARTICLE{confluent17,
  title    = "{Towards Unambiguous Edge Bundling: Investigating Confluent
              Drawings for Network Visualization}",
  author   = "Bach, Benjamin and Riche, Nathalie Henry and Hurter, Christophe
              and Marriott, Kim and Dwyer, Tim",
  journal  = "IEEE transactions on visualization and computer graphics",
  volume   =  23,
  number   =  1,
  pages    = "541--550",
  month    =  jan,
  year     =  2017,
  url      = "http://dx.doi.org/10.1109/TVCG.2016.2598958",
  language = "en",
  issn     = "1077-2626, 1941-0506",
  pmid     = "27875170",
  doi      = "10.1109/TVCG.2016.2598958"
}


