@ARTICLE{reviewo3,

AUTHOR={Fitzky, Anne Charlott and Sandén, Hans and Karl, Thomas and Fares, Silvano and Calfapietra, Carlo and Grote, Rüdiger and Saunier, Amélie and Rewald, Boris},

TITLE={The Interplay Between Ozone and Urban Vegetation—BVOC Emissions, Ozone Deposition, and Tree Ecophysiology},

JOURNAL={Frontiers in Forests and Global Change},

VOLUME={2},

PAGES={50},

YEAR={2019},

URL={\url{https://www.frontiersin.org/article/10.3389/ffgc.2019.00050}},

DOI={10.3389/ffgc.2019.00050},

ISSN={2624-893X}
}

@article{losso3,
title = "The effect of urban leaf area on summertime urban surface kinetic temperatures: A Terre Haute case study",
journal = "Urban Forestry and Urban Greening",
volume = "6",
number = "2",
pages = "63 - 72",
year = "2007",
issn = "1618-8667",
doi = "https://doi.org/10.1016/j.ufug.2007.01.005",
url = "http://www.sciencedirect.com/science/article/pii/S1618866707000180",
author = "Perry J. Hardin and Ryan R. Jensen",
keywords = "ASTER, Leaf area index, Thermal remote sensing, Urban heat island"

}

@article{shady,
title = "The impact of urban trees on concentrations of PAHs and other gaseous air pollutants in Yanji, northeast China",
journal = "Atmospheric Environment",
volume = "192",
pages = "151 - 159",
year = "2018",
issn = "1352-2310",
doi = "https://doi.org/10.1016/j.atmosenv.2018.08.061",
url = "http://www.sciencedirect.com/science/article/pii/S135223101830582X",
author = "Vesa Yli-Pelkonen and Viljami Viippola and Anna-Lea Rantalainen and JunQiang Zheng and Heikki Setälä",
keywords = "Urban trees, Air pollution, PAHs, Nitrogen dioxide, Ozone, Passive sampling"
}

@article{gecko,
       author = {{Aumont}, B. and {Hodzic}, A. and {La}, S. and {Camredon}, M. and {Lannuque}, V. and {Lee-Taylor}, J.~M. and {Madronich}, S.},
        title = "{Assessment of the GECKO-A Modeling Tool and Simplified 3D Model Parameterizations for SOA Formation}",
     keywords = {0305 Aerosols and particles, ATMOSPHERIC COMPOSITION AND STRUCTURE, 0345 Pollution: urban and regional, ATMOSPHERIC COMPOSITION AND STRUCTURE, 0365 Troposphere: composition and chemistry, ATMOSPHERIC COMPOSITION AND STRUCTURE, 0368 Troposphere: constituent transport and chemistry, ATMOSPHERIC COMPOSITION AND STRUCTURE},
    booktitle = {AGU Fall Meeting Abstracts},
         year = 2014,
       volume = {2014},
        month = dec,
          eid = {A23Q-04},
        pages = {A23Q-04},
       url = {https://ui.adsabs.harvard.edu/abs/2014AGUFM.A23Q..04A},
      note = {Provided by the SAO/NASA Astrophysics Data System}
}
