@Misc{criv2,
author = {Mike Jenkin},
title = {{ http://cri.york.ac.uk }},
howpublished = {Online},
month = {9},
year = {2019}
}

@article{cri,
title = "A Common Representative Intermediates (CRI) mechanism for VOC degradation. Part 1: Gas phase mechanism development",
journal = "Atmospheric Environment",
volume = "42",
number = "31",
pages = "7185 - 7195",
year = "2008",
issn = "1352-2310",
doi = "https://doi.org/10.1016/j.atmosenv.2008.07.028",
url = "http://www.sciencedirect.com/science/article/pii/S1352231008006742",
author = "M.E. Jenkin and L.A. Watson and S.R. Utembe and D.E. Shallcross"}
}


@article{sampling,
author = { M. D.   Mckay  and  R. J.   Beckman  and  W. J.   Conover },
title = {A Comparison of Three Methods for Selecting Values of Input Variables in the Analysis of Output From a Computer Code},
journal = {Technometrics},
volume = {42},
number = {1},
pages = {55-61},
year  = {2000},
publisher = {Taylor & Francis},
doi = {10.1080/00401706.2000.10485979},
URL = {https://amstat.tandfonline.com/doi/abs/10.1080/00401706.2000.10485979}
}

@Inbook{lsq,
title="Latin Square Designs",
bookTitle="The Concise Encyclopedia of Statistics",
year="2008",
publisher="Springer New York",
address="New York, NY",
author="Yadolah Dodge",
pages="297--297",
isbn="978-0-387-32833-1",
doi="10.1007/978-0-387-32833-1_223",
url="https://doi.org/10.1007/978-0-387-32833-1_223"
}


@Article{dsmacc,
AUTHOR = {Emmerson, K. M. and Evans, M. J.},
TITLE = {Comparison of tropospheric gas-phase chemistry schemes for use within global models},
JOURNAL = {Atmospheric Chemistry and Physics},
VOLUME = {9},
YEAR = {2009},
NUMBER = {5},
PAGES = {1831--1845},
URL = {https://www.atmos-chem-phys.net/9/1831/2009/},
DOI = {10.5194/acp-9-1831-2009}
}

@article{geos,
  title        = "{GEOS-Chem Publications}",
  url          = "http://acmg.seas.harvard.edu/geos/geos_pub.html",
  author="GEOS-Chem",
  year=2020,
  howpublished = "\url{http://acmg.seas.harvard.edu/geos/geos_pub.html}",
  note         = "Accessed: 2020-2-23"
}

@article{geosgit,
  author       = {The International GEOS-Chem Community},
  title        = {geoschem/geos-chem: GEOS-Chem 12.7.1},
  month        = feb,
  year         = 2020,
  note         = {{Please see the LICENSE.txt and AUTHORS.txt files 
                   in the root folder for the GEOS-Chem license
                   description (based on the MIT license) and a
                   complete list of authors. For more information
                   about GEOS-Chem in general, please see www.geos-
                   chem.org and wiki.geos-chem.org.}},
  publisher    = {Zenodo},
  version      = {12.7.1},
  doi          = {10.5281/zenodo.3676008},
  url          = {https://doi.org/10.5281/zenodo.3676008}
}

@article{PCAS,
author = {Vajda, S. and Valko, P. and Turainyi, T.},
title = {Principal component analysis of kinetic models},
journal = {International Journal of Chemical Kinetics},
volume = {17},
number = {1},
year={1985},
pages = {55-81},
doi = {10.1002/kin.550170107},
url = {https://onlinelibrary.wiley.com/doi/abs/10.1002/kin.550170107},
eprint = {https://onlinelibrary.wiley.com/doi/pdf/10.1002/kin.550170107}
}

@Article{qssa,
AUTHOR = {Whitehouse, L. E. and Tomlin, A. S. and Pilling, M. J.},
TITLE = {Systematic reduction of complex tropospheric chemical mechanisms, Part I: sensitivity and time-scale analyses},
JOURNAL = {Atmospheric Chemistry and Physics},
VOLUME = {4},
YEAR = {2004},
NUMBER = {7},
PAGES = {2025--2056},
URL = {https://www.atmos-chem-phys.net/4/2025/2004/},
DOI = {10.5194/acp-4-2025-2004}
}

@book{kinetics,
           month = {January},
           title = {Analysis of Kinetic Reaction Mechanisms},
          author = {T Turanyi and AS Tomlin},
       publisher = {Springer},
            year = {2015},
           pages = {1 -- 376},
             url = {http://eprints.whiterose.ac.uk/84294/}
}


@ARTICLE{tur1990,
  title   = "{REDUCTTON LARGE REACTTON MECHANTSMS}",
  author  = "Turiinyi, Tam6s",
  journal = "New journal of chemistry = Nouveau journal de chimie",
  volume  =  14,
  pages   = "795--gO3",
  year    =  1990,
  url     = "http://garfield.chem.elte.hu/Turanyi/pdf/14_Turanyi_NJC_1990.PDF",
  issn    = "1144-0546"
}

@article{frenk,
title = {Numerical approaches to combustion modeling. Progress in Astronautics and Aeronautics. Vol. 135},
journal={U.S. Department of Energy Office of Scientific and Technical Information},
author = {Oran, E.S. and Boris, J.P.},
place = {United States},
year = {1991},

month = {1}
}


@ARTICLE{cm,
  title   = "{Sensitivity analysis of complex kinetic systems. Tools and
             applications}",
  author  = "Tur{\'a}nyi, Tam{\'a}s",
  journal = "Journal of mathematical chemistry",
  volume  =  5,
  number  =  3,
  pages   = "203--248",
  month   =  sep,
  year    =  1990,
  url     = "https://doi.org/10.1007/BF01166355",
  issn    = "0259-9791, 1572-8897",
  doi     = "10.1007/BF01166355"
}


@INCOLLECTION{drawae,
  title     = "{ImageNet Classification with Deep Convolutional Neural Networks}",
  booktitle = "{Advances in Neural Information Processing Systems 25}",
  author    = "Krizhevsky, Alex and Sutskever, Ilya and Hinton, Geoffrey E",
  editor    = "Pereira, F and Burges, C J C and Bottou, L and Weinberger, K Q",
  publisher = "Curran Associates, Inc.",
  pages     = "1097--1105",
  year      =  2012,
  url       = "http://papers.nips.cc/paper/4824-imagenet-classification-with-deep-convolutional-neural-networks.pdf",
  doi       = "10.21105/joss.00747"
}

@article{karatAE,
  author    = {Thomas N. Kipf and
               Max Welling},
  title     = {Semi-Supervised Classification with Graph Convolutional Networks},
  journal   = {CoRR},
  volume    = {abs/1609.02907},
  year      = {2016},
  url       = {http://arxiv.org/abs/1609.02907},
  archivePrefix = {arXiv},
  eprint    = {1609.02907},
  timestamp = {Mon, 13 Aug 2018 16:48:31 +0200},
  biburl    = {https://dblp.org/rec/bib/journals/corr/KipfW16},
  bibsource = {dblp computer science bibliography, https://dblp.org}
}


@ARTICLE{gaelink,
  title         = "{Graph Convolutional Matrix Completion}",
  author        = "van den Berg, Rianne and Kipf, Thomas N and Welling, Max",
  month         =  jun,
  year          =  2017,
  url           = "http://arxiv.org/abs/1706.02263",
  archivePrefix = "arXiv",
  eprint        = "1706.02263",
  journal = "arhiv",
  primaryClass  = "stat.ML",
  arxivid       = "1706.02263"
}
