@article{labelprop,
  title = {Near linear time algorithm to detect community structures in large-scale networks},
  author = {Raghavan, Usha Nandini and Albert, R\'eka and Kumara, Soundar},
  journal = {Phys. Rev. E},
  volume = {76},
  issue = {3},
  pages = {036106},
  numpages = {11},
  year = {2007},
  month = {Sep},
  publisher = {American Physical Society},
  doi = {10.1103/PhysRevE.76.036106},
  url = {https://link.aps.org/doi/10.1103/PhysRevE.76.036106}
}

@article{spinglass,
  title = {Finding and evaluating community structure in networks},
  author = {Newman, M. E. J. and Girvan, M.},
  journal = {Phys. Rev. E},
  volume = {69},
  issue = {2},
  pages = {026113},
  numpages = {15},
  year = {2004},
  month = {Feb},
  publisher = {American Physical Society},
  doi = {10.1103/PhysRevE.69.026113},
  url = {https://link.aps.org/doi/10.1103/PhysRevE.69.026113}
}


@ARTICLE{communitygraph,
  title    = "{Community detection in graphs}",
  author   = "Fortunato, Santo",
  journal  = "Physics reports",
  volume   =  486,
  number   =  3,
  pages    = "75--174",
  month    =  feb,
  year     =  2010,
  url      = "http://www.sciencedirect.com/science/article/pii/S0370157309002841",
  keywords = "Graphs; Clusters; Statistical physics",
  issn     = "0370-1573",
  doi      = "10.1016/j.physrep.2009.11.002"
}

@article{strueq,
  title = {Distance, dissimilarity index, and network community structure},
  author = {Zhou, Haijun},
  journal = {Phys. Rev. E},
  volume = {67},
  issue = {6},
  pages = {061901},
  numpages = {8},
  year = {2003},
  month = {Jun},
  publisher = {American Physical Society},
  doi = {10.1103/PhysRevE.67.061901},
  url = {https://link.aps.org/doi/10.1103/PhysRevE.67.061901}
}

@Article{mapeqn,
author="Rosvall, M.
and Axelsson, D.
and Bergstrom, C. T.",
title="The map equation",
journal="The European Physical Journal Special Topics",
year="2009",
month="Nov",
day="01",
volume="178",
number="1",
pages="13--23",
issn="1951-6401",
doi="10.1140/epjst/e2010-01179-1",
url="https://doi.org/10.1140/epjst/e2010-01179-1"
}



@article{regequiv,
author = { Martin G.   Everett  and  Stephen P.   Borgatti },
title = {Regular equivalence: General theory},
journal = {The Journal of Mathematical Sociology},
volume = {19},
number = {1},
pages = {29-52},
year  = {1994},
publisher = {Routledge},
doi = {10.1080/0022250X.1994.9990134},

URL = { 
        https://doi.org/10.1080/0022250X.1994.9990134
    
},
eprint = { 
        https://doi.org/10.1080/0022250X.1994.9990134
    
}

}
@article {infomap,
	author = {Rosvall, Martin and Bergstrom, Carl T.},
	title = {Maps of random walks on complex networks reveal community structure},
	volume = {105},
	number = {4},
	pages = {1118--1123},
	year = {2008},
	doi = {10.1073/pnas.0706851105},
	publisher = {National Academy of Sciences},
	issn = {0027-8424},
	URL = {https://www.pnas.org/content/105/4/1118},
	eprint = {https://www.pnas.org/content/105/4/1118.full.pdf},
	journal = {Proceedings of the National Academy of Sciences}
}


@article{loudvain,
	doi = {10.1088/1742-5468/2008/10/p10008},
	url = {https://doi.org/10.1088%2F1742-5468%2F2008%2F10%2Fp10008},
	year = 2008,
	month = {oct},
	publisher = {{IOP} Publishing},
	volume = {2008},
	number = {10},
	pages = {P10008},
	author = {Vincent D Blondel and Jean-Loup Guillaume and Renaud Lambiotte and Etienne Lefebvre},
	title = {Fast unfolding of communities in large networks},
	journal = {Journal of Statistical Mechanics: Theory and Experiment}
}

@ARTICLE{loudrobust,
  title    = "{Parallel heuristics for scalable community detection}",
  author   = "Lu, Hao and Halappanavar, Mahantesh and Kalyanaraman, Ananth",
  journal  = "Parallel computing",
  volume   =  47,
  pages    = "19--37",
  month    =  aug,
  year     =  2015,
  url      = "http://www.sciencedirect.com/science/article/pii/S0167819115000472",
  keywords = "Community detection; Parallel graph heuristics; Graph coloring;
              Graph clustering",
  issn     = "0167-8191",
  doi      = "10.1016/j.parco.2015.03.003"
}


@MISC{hpp,
  title        = "{Proposed plans for Holme Pierrepont whitewater course}",
  booktitle    = "{Nottingham HPP whitewater course users group}",
  month        =  "Aug",
  year         =  2008,
  author = "Pete Cornes",
  url          = "https://hppconcern.wordpress.com/2008/08/04/proposed-plans-for-holme-pierrepont-whitewater-course/",
  howpublished = "\url{https://hppconcern.wordpress.com/2008/08/04/proposed-plans-for-holme-pierrepont-whitewater-course/}",
  note         = "Accessed: 2020-2-15"
}


@ARTICLE{approx,
  title    = "{The Art of Approximation in Science and Engineering.}",
  author   = "Sanjoy Mahajan",
  journal  = "MIT OpenCourseWare",
  year     =  2008,
  url      = "http://web.mit.edu/6.055/book/book-draft.pdf"
}






. 6.055J  Spring 2008. Massachusetts Institute of Technology: MIT OpenCourseWare, https://ocw.mit.edu. License: Creative Commons BY-NC-SA.




