
@ARTICLE{planet,
  title    = "{Planet Formation? It's a Drag}",
  author   = "Woo, Marcus",
  journal  = "Scientific American",
  month    =  oct,
  year     =  2018,
  url      = "https://www.scientificamerican.com/article/planet-formation-its-a-drag/",
  issn     = "0036-8733"
}


@ARTICLE{who,
  title     = "{WHO | Ambient air pollution: Health impacts}",
  author = "World Health Organization",
  year      =  2018,
  url       = "https://www.who.int/airpollution/ambient/health-impacts/en/",
    note         = "Accessed: 2020-3-4"
}


@ARTICLE{whodata,
  title     = "{WHO | Ambient and household air pollution and health}",
  author = "World Health Organization",
  month     =  jul,
  year      =  2016,
  url       = "https://www.who.int/airpollution/data/en/"
    note         = "Accessed: 2018-9-20"
}


@ARTICLE{failparis,
  title    = "{Emissions: world has four times the work or one-third of the time}",
  author   = "H{\"o}hne, Niklas and den Elzen, Michel and Rogelj, Joeri and
              Metz, Bert and Fransen, Taryn and Kuramochi, Takeshi and Olhoff,
              Anne and Alcamo, Joseph and Winkler, Harald and Fu, Sha and
              Schaeffer, Michiel and Schaeffer, Roberto and Peters, Glen P and
              Maxwell, Simon and Dubash, Navroz K",
  journal  = "Nature",
  volume   =  579,
  number   =  7797,
  pages    = "25--28",
  month    =  mar,
  year     =  2020,
  url      = "http://dx.doi.org/10.1038/d41586-020-00571-x",
  keywords = "Climate change; Policy; Society",
  language = "en",
  issn     = "0028-0836, 1476-4687",
  pmid     = "32132686",
  doi      = "10.1038/d41586-020-00571-x"
}



@ARTICLE{chinanox,
  title     = "{Airborne Nitrogen Dioxide Plummets Over China}",
  publisher = "NASA Earth Observatory",
  author="Joshua Stevens",
  month     =  feb,
  year      =  2020,
  url       = "https://earthobservatory.nasa.gov/images/146362/airborne-nitrogen-dioxide-plummets-over-china?fbclid=IwAR1z9jXZfY8xNZsCCRRo8Eor2hCjbNDIV70wXGOlzmNyFPkFBesURDCAwB4",
  language  = "en"
}


@book{transporttime,
  title={Atmospheric Chemistry and Physics: From Air Pollution to Climate Change},
  author={Seinfeld, J.H. and Pandis, S.N.},
  isbn={9781118947401},
  lccn={2015043236},
  url={https://books.google.co.uk/books?id=n\_RmCgAAQBAJ},
  year={2016},
  publisher={Wiley}
}


@ARTICLE{advnummeth,
  title  = "{Advanced numerical methods - lectures Part 2 }",
  author = "C.J.Budd",
  year = 2019,
  url    = "https://people.bath.ac.uk/mamamf/chapt6and7.pdf",
    note         = "Accessed: 2020-3-4"
}




@MISC{gcm,
  title        = "{Climate Data Services | NASA Center for Climate Simulation}",
  author = {Henderson-Sellers},
  howpublished = {Online},
  year = {2015},
  url          = "https://www.nccs.nasa.gov/services/climate-data-services",
  howpublished = "\url{https://www.nccs.nasa.gov/services/climate-data-services}",
  note         = "Accessed: 2020-3-4"
}


@ARTICLE{drag,
  title     = "{The resonant drag instability (RDI): acoustic modes}",
  author    = "Hopkins, Philip F and Squire, Jonathan",
  journal   = "Monthly notices of the Royal Astronomical Society",
  publisher = "Oxford Academic",
  volume    =  480,
  number    =  2,
  pages     = "2813--2838",
  month     =  oct,
  year      =  2018,
  url       = "https://academic.oup.com/mnras/article-pdf/480/2/2813/25498305/sty1982.pdf",
  issn      = "0035-8711",
  doi       = "10.1093/mnras/sty1982"
}


@MISC{geoclock,
  title        = "{History of Earth}",
  booktitle    = "{Wikipedia, The Free Encyclopedia}",
  author       = "{Woudloper}",
  month        =  feb,
  year         =  2020,
  url          = "https://en.wikipedia.org/w/index.php?title=History_of_Earth&oldid=940308026",
  howpublished = "\url{https://en.wikipedia.org/w/index.php?title=History_of_Earth&oldid=940308026}",
  note         = "Accessed: 2020-2-21"
}


@INBOOK{britanicaplanet,
  title     = "{Processes affecting the composition of the early atmosphere}",
  author="J M Hayes,John P Rafferty",
  year=1998,
  booktitle = "{Encyclop{\ae}dia Britannica}",
  url       = "https://www.britannica.com/topic/evolution-of-the-atmosphere-1703862"
}

@Inbook{oxygenicphotosynthesis,
author="Peret{\'o}, Juli",
title="Oxygenic Photosynthesis",
bookTitle="Encyclopedia of Astrobiology",
year="2011",
publisher="Springer Berlin Heidelberg",
address="Berlin, Heidelberg",
pages="1209--1209",
isbn="978-3-642-11274-4",
doi="10.1007/978-3-642-11274-4_1721",
url="https://doi.org/10.1007/978-3-642-11274-4_1721"
}


@ARTICLE{oxidation,
  title   = "{Evidence for oxygenic photosynthesis half a billion years before
             the Great Oxidation Event}",
  author  = "Planavsky, Noah J and Asael, Dan and Hofmann, Axel and Reinhard,
             Christopher T and Lalonde, Stefan V and Knudsen, Andrew and Wang,
             Xiangli and Ossa Ossa, Frantz and Pecoits, Ernesto and Smith,
             Albertus J B and Beukes, Nicolas J and Bekker, Andrey and Johnson,
             Thomas M and Konhauser, Kurt O and Lyons, Timothy W and Rouxel,
             Olivier J",
  journal = "Nature geoscience",
  volume  =  7,
  number  =  4,
  pages   = "283--286",
  year    =  2014,
  url     = "https://doi.org/10.1038/ngeo2122",
  issn    = "1752-0894, 1752-0908",
  doi     = "10.1038/ngeo2122"
}


@ARTICLE{multicellular,
  title    = "{Great Oxidation Event: More oxygen through multicellularity}",
  author   = "{University of Zurich}",
  journal  = "Science Daily",
  month    =  jan,
  year     =  2013,
  url      = "https://www.sciencedaily.com/releases/2013/01/130117084856.htm"
}
